1298 1921
174 35 235 65 164
417 35 453 65 T.
479 35 597 66 LIVII
624 34 956 66 HISTORIARUM
1162 78 1176 94 q

171 109 264 144 tione
281 121 348 144 non
365 109 472 144 solum
491 109 636 154 inopiam
662 109 720 144 sed
742 109 946 154 paucitatem
971 76 1220 146 etimiiAciSiiiiiii

173 173 217 195 ex
244 161 364 206 quibus
390 160 425 194 iu
446 164 560 205 patres
585 160 787 206 legerentur,
813 164 1016 205 conquestus
1040 165 1138 200 esset,
1166 174 1222 195 ex-

173 212 285 257 plendi
308 215 444 246 senatus
468 223 567 246 causa
591 216 625 246 et
638 211 802 257 jungendi
823 211 926 245 artius
951 211 1063 245 Latini
1082 211 1222 245 nominis

174 275 249 298 cum
267 262 390 308 populo
408 263 561 297 Romano
584 275 784 307 magnopere
810 274 845 297 se
868 262 1007 297 suadere
1025 262 1109 296 dixit
1127 265 1164 296 ut
1182 274 1223 296 ex

175 314 316 359 siugulis
341 313 472 359 populis
498 314 696 348 Latinorum
719 313 805 348 binis
828 313 1047 353 senatoribus,
1066 313 1093 348 si
1112 316 1222 358 patres

175 365 321 399 Romani
348 365 568 407 censuissent,
595 365 712 400 civitas
740 364 876 399 daretur
904 368 1004 409 atque
1030 365 1064 398 in
1097 364 1224 399 demor-

147 419 312 450 4tuorum
330 415 439 450 locum
458 415 492 449 in
509 419 662 450 senatum
676 415 878 461 legerentur.
926 415 1010 449 Eam
1024 416 1224 449 sententiam

175 467 265 501 haud
282 466 483 511 aequioribus
502 467 619 501 animis
641 478 738 512 quam
756 467 905 511 ipsorum
930 465 1094 511 quondam
1112 469 1224 511 postu-

174 518 281 552 latum
306 517 505 552 Latinorum
531 521 644 562 patres
670 517 858 558 audierunt,
885 520 919 551 et
945 529 1047 562 quum
1072 517 1224 551 fremitus

175 568 423 614 indignantium
449 571 521 603 tota
543 569 636 604 curia
660 571 748 603 esset
772 572 806 603 et
829 569 997 613 praecipue
1019 568 1056 602 T.
1076 568 1224 602 Manlius

175 632 249 654 esse
267 620 366 654 etiam
384 632 475 654 nunc
492 620 564 665 ejus
583 620 698 665 stirpis
712 620 820 654 virum
839 619 974 660 diceret,
989 631 1031 653 ex
1045 631 1110 664 qua
1123 632 1226 665 quon-

179 671 254 705 dam
272 671 307 704 in
325 670 491 716 Capitolio
515 671 631 706 consul
648 671 794 705 minatus
818 674 918 718 csset2
938 670 1108 712 Latinum,
1127 683 1225 716 quem

177 723 213 756 in
239 722 331 756 curia
354 721 504 764 vidisset,
526 734 601 757 enm
627 734 688 756 sua
711 734 813 756 manu
837 734 872 756 se
898 722 1162 764 interfecturum,
1181 721 1224 758 Q.

177 773 303 807 Fabius
321 773 491 807 Maximus
509 786 689 818 numquam
706 774 755 807 rei
778 773 878 807 ullius
903 773 1059 807 alieniore
1076 776 1225 818 tempore

176 824 381 859 mentionem
414 824 537 859 factam
570 825 605 859 in
638 830 757 859 senatu
790 824 880 867 dicit,
910 837 1008 869 quam
1037 824 1125 858 inter
1156 828 1227 858 tam

177 888 358 920 suspensos
376 876 542 910 sociorum
559 876 686 910 animos
704 876 931 921 incertamque
948 875 1045 910 fidem
1063 875 1096 909 id
1115 879 1227 909 actum

177 927 265 972 quod
283 927 420 971 insuper
438 926 631 962 sollicitaret
649 939 705 962 eos
722 940 729 961 τ
755 939 825 961 eam
843 927 943 961 unius
967 927 1107 961 hominis
1125 930 1241 967 teme--

176 978 296 1013 ruriam
316 990 428 1012 vocem
446 978 578 1013 silentio
601 978 748 1012 oninium
774 977 1055 1022 exstinguendam
1081 989 1162 1020 esse,
1181 980 1226 1020 et,
1275 1001 1277 1007 ·

177 1030 205 1064 si
231 1028 313 1074 quid
337 1041 495 1074 umquam
521 1029 632 1064 arcani
655 1029 804 1063 sanctive
830 1028 872 1063 ad
896 1027 1060 1063 silendum
1085 1028 1119 1063 in
1136 1029 1228 1063 curia

178 1080 291 1122 fuerit,
318 1080 350 1114 id
374 1080 522 1114 omnium
546 1080 688 1114 maxime
714 1079 897 1125 tegendum
920 1079 1139 1114 occulendum
1168 1079 1227 1114 ob-

148 1131 396 1166 5liviscendum
422 1143 482 1177 pro
507 1131 633 1166 indicto
659 1130 846 1165 habendum
871 1143 955 1165 esse.
1004 1131 1060 1165 Ita
1084 1133 1157 1175 ejus
1180 1131 1228 1165 rei

177 1195 340 1227 oppressa
362 1183 488 1217 mentio
514 1185 565 1217 est
581 1198 588 1217 2
616 1182 823 1223 dictatorem,
842 1182 900 1227 qui
920 1193 1037 1216 censor
1055 1186 1132 1216 ante
1149 1183 1229 1216 fuis-

177 1239 229 1268 set
248 1233 564 1279 vetustissimusque
582 1246 625 1268 ex
643 1234 694 1268 his
713 1233 770 1278 qui
783 1233 933 1268 viverent
951 1233 1109 1267 censoriis
1127 1236 1228 1274 esset,

178 1285 283 1321 creari
301 1285 427 1330 placuit
451 1285 507 1330 qui
533 1287 686 1319 senatum
712 1284 849 1330 legeret,
868 1284 1032 1329 accirique
1051 1284 1089 1319 C.
1107 1285 1229 1319 Teren-

150 1337 263 1372 6tium
282 1336 452 1372 consulem
471 1336 512 1371 ad
530 1336 727 1371 dictatorem
746 1335 922 1371 dicendum
936 1335 1121 1381 jusserunt.
1165 1336 1231 1377 Qui

178 1400 223 1423 ex
250 1387 374 1433 Apulia
401 1387 516 1422 relicto
545 1387 591 1422 ibi
620 1387 774 1432 praesidio
800 1399 875 1421 cum
900 1387 1029 1431 magnis
1054 1386 1229 1421 itineribus

179 1439 323 1474 Romam
349 1438 501 1480 redisset,
526 1441 624 1473 nocte
648 1438 807 1483 proxima,
834 1440 874 1472 ut
901 1449 972 1471 mos
993 1440 1076 1478 erat,
1101 1437 1151 1472 M.
1170 1438 1231 1472 Fa-
1264 1442 1287 1464 ’ἓ

179 1491 272 1526 bium
305 1490 495 1525 Buteonem
528 1502 571 1524 ex
604 1496 742 1524 senatus
774 1489 928 1524 consulto
962 1488 1033 1523 sine
1069 1489 1230 1534 magistro

87 1538 331 1587 (23)equitum
355 1541 553 1576 dictatorem
578 1541 612 1575 in
635 1553 694 1575 sex
718 1553 850 1575 menses
876 1539 973 1574 dixit.
1023 1539 1059 1574 Is
1080 1539 1138 1574 ubi
1155 1552 1231 1574 cum

178 1593 352 1628 lictoribus
386 1592 420 1626 in
454 1592 580 1626 Rostra
613 1591 772 1634 escendit,
801 1603 908 1636 neque
938 1590 1021 1625 duos
1051 1589 1231 1625 dictatores

178 1647 331 1689 tempore
356 1656 433 1686 uno,
457 1643 545 1688 quod
571 1655 749 1688 numquam
774 1645 871 1676 antea
895 1642 1021 1676 factum
1039 1644 1136 1682 esset,
1155 1654 1233 1686 pro-

178 1696 257 1732 bare
275 1708 309 1730 se
327 1695 411 1730 dixit
428 1707 536 1740 neque
550 1694 747 1729 dictatorem
765 1707 800 1729 se
818 1694 888 1729 sine
902 1693 1063 1739 magistro
1080 1693 1231 1738 equitum

177 1760 240 1783 neo
257 1747 440 1783 censoriam
459 1746 525 1781 vim
543 1746 601 1780 uni
620 1745 817 1790 permissam
843 1748 877 1780 et
895 1744 1001 1780 eidem
1019 1744 1151 1786 iterum,
1170 1754 1232 1778 nec
