1298 1921
169 69 227 99 118
414 68 449 98 T.
468 68 586 99 LIVII
615 67 947 99 HISTORIARUM
1051 108 1087 142 [A
1111 110 1130 133 C
1153 110 1200 133 ‘716

138 142 237 186 7ipse
255 154 330 178 eum
352 142 456 177 fratre
480 143 626 188 Magone
648 143 768 178 tenuit.
819 142 874 177 Sol
900 154 958 177 seu
983 141 1023 177 de
1047 142 1212 177 industria

166 194 215 229 ita
231 194 357 236 locatis,
392 206 451 229 seu
481 195 569 240 quod
601 194 688 229 forte
720 195 768 229 ita
800 197 934 236 stetere,
965 196 1212 239 peropportune

165 245 300 291 utrique
318 246 403 291 parti
418 245 571 291 obliquus
589 248 670 287 erat,
686 246 845 280 Romanis
864 245 897 279 in
914 245 1086 279 meridiem
1100 245 1211 279 Poenis

165 296 201 330 in
222 296 493 342 septemtrionem
516 297 642 331 versis:
669 296 1044 331 ventus—Volturnum
1067 295 1212 341 regionis

165 347 281 382 incolae
305 347 631 382 vocant—adversus
657 347 817 382 Romanis
843 350 977 381 coortus
1007 346 1113 381 multo
1140 346 1213 391 pul-

155 399 243 434 ⁴vere
261 399 295 434 in
312 399 386 444 ipsa
402 411 460 433 ora
475 398 637 433 volvendo
655 401 867 444 prospectum
886 398 1019 433 ademit.

77 449 159 491 (47)
214 450 366 485 Clamore
384 450 514 485 sublato
532 462 728 495 procursum
752 449 882 484 auxiliis
901 452 934 483 et
956 461 1068 495 pugna
1085 448 1212 483 levibus

167 501 311 546 primum
344 501 443 536 armis
476 502 670 536 commissa:
708 500 825 535 deinde
859 501 1009 545 equitum
1042 500 1212 535 Gallorum

167 552 396 598 Hispanorum
422 552 540 587 laevum
569 565 671 587 cornu
701 564 773 587 eum
805 551 924 586 dextro
955 551 1107 585 Romano
1136 563 1213 586 con-

167 604 281 645 currit,
308 604 441 638 minime
467 604 629 649 equestris
656 615 747 638 more
776 615 906 648 pugnae,
935 602 1100 637 frontibus
1126 602 1213 636 enim

167 655 314 689 adversis
339 654 601 690 concurrendum
627 658 708 698 erat,
734 655 812 700 quia
839 654 930 688 nullo
958 654 1045 688 eirea
1072 653 1113 687 ad
1138 665 1213 687 eva-

168 706 313 751 gandum
338 705 454 740 relicto
479 706 588 751 spatio
613 706 689 740 hinc
714 706 818 740 amnis
844 705 921 739 hine
947 704 1098 749 peditum
1127 704 1213 738 acies

139 757 365 792 2elaudebant
391 757 424 791 in
449 757 612 792 directum
637 757 804 802 utrimque
830 756 988 790 nitentes.
1039 755 1213 790 stantibus

168 821 205 843 ae
228 808 386 843 confertis
410 811 576 853 postremo
599 808 699 843 turba
720 807 813 853 equis
838 807 887 841 vir
911 807 1018 841 virum
1042 805 1213 851 amplexus

167 859 365 894 detrahebat
389 871 492 905 equo:
520 859 673 905 pedestre
696 871 816 904 magna
831 861 901 902 jam
925 870 966 892 ex
989 860 1085 902 parte
1108 860 1214 891 certa-

167 923 243 946 men
269 911 395 945 factum
422 913 512 945 erat:
540 911 647 944 aerius
672 912 784 944 tamen
809 922 907 955 quam
933 909 1058 943 diutius
1089 920 1213 954 pugna-

139 965 240 997 3tum
258 965 319 1004 est,
338 962 490 1007 pulsique
514 961 657 996 Romani
680 961 808 1006 equites
826 964 923 1005 terga
948 962 1095 994 vertunt.
1145 959 1213 993 Sub

168 1013 332 1059 equestris
358 1014 455 1047 finem
481 1013 669 1047 certaminis
697 1015 810 1047 coorta
835 1015 886 1046 est
915 1010 1063 1056 peditum
1088 1022 1212 1055 pugna.

139 1064 281 1100 4Primo
308 1067 341 1099 et
370 1064 496 1099 viribus
525 1066 559 1098 et
586 1063 703 1098 animis
732 1075 827 1108 pares
857 1061 1055 1097 constabant
1082 1061 1213 1095 ordines

169 1116 272 1151 Gallis
290 1116 540 1160 Hispanisque:
566 1114 699 1149 tandem
726 1113 877 1155 Romani,
897 1113 953 1147 diu
977 1125 1013 1147 ac
1037 1125 1123 1157 saepe
1141 1124 1214 1146 eon-

168 1168 241 1208 nisi,
267 1180 361 1212 aequa
386 1168 495 1201 fronte
519 1167 653 1212 acieque
680 1165 781 1200 densa
805 1165 965 1210 impulere
988 1163 1135 1198 hostium
1158 1175 1215 1198 eu-

167 1231 269 1253 neum
302 1218 400 1252 nimis
432 1221 566 1252 tenuem
597 1230 701 1262 eoque
734 1229 850 1261 parum
879 1215 1023 1250 validum
1051 1227 1070 1249 a
1096 1217 1216 1249 caetera

169 1271 414 1316 prominentem
433 1271 520 1305 acie:
549 1270 698 1315 impulsis
722 1269 840 1303 deinde
858 1281 895 1303 ae
919 1267 1047 1313 trepide
1072 1267 1214 1302 referen-

169 1323 258 1357 tibus
274 1322 387 1368 pedem
408 1322 571 1363 insistere,
588 1334 624 1356 ae
642 1324 756 1355 tenore
774 1332 839 1354 uno
858 1332 915 1365 per
930 1331 1078 1364 praeceps
1095 1331 1215 1363 pavore

168 1374 369 1419 fugientium
387 1386 506 1419 agmen
528 1373 560 1407 in
578 1371 718 1406 mediam
742 1371 883 1416 primum
907 1371 1010 1404 aciem
1036 1369 1119 1404 illati
1142 1382 1212 1414 pos-

169 1428 275 1459 tremo
289 1425 379 1459 nullo
396 1425 573 1459 resistente
588 1423 626 1458 ad
646 1423 793 1457 subsidia
810 1422 968 1456 Afrorum
983 1424 1216 1466 pervenerunt,

169 1477 226 1521 qui
259 1477 428 1522 utrimque
460 1475 608 1510 reductis
642 1475 700 1509 alis
734 1474 967 1514 constiterant,
1001 1472 1117 1514 media,
1153 1485 1217 1517 qua

171 1528 255 1562 Galli
273 1528 483 1573 Hispanique
502 1529 675 1569 steterant,
693 1525 897 1571 aliquantum
912 1524 1120 1569 prominente
1138 1523 1216 1557 a'cie.

142 1579 159 1607 5
173 1579 239 1617 Qui
258 1591 383 1613 cuneus
402 1582 439 1612 ut
463 1578 578 1624 pulsus
597 1577 739 1623 aequavit
762 1577 907 1610 frontem
928 1575 1080 1620 primum,
1098 1573 1216 1608 deinde

170 1630 317 1665 cedendo
347 1630 446 1664 etiam
475 1630 583 1664 sinum
610 1629 645 1663 iu
674 1627 782 1663 medio
809 1626 910 1668 dedit,
938 1626 1014 1660 Afri
1040 1625 1126 1660 circa
1148 1625 1217 1670 jam

170 1694 293 1716 cornua
310 1681 458 1716 fecerant
476 1680 745 1725 irruentibusque
769 1680 902 1713 incaute
923 1678 956 1711 in
979 1676 1123 1711 medium
1149 1677 1218 1710 Ro-

169 1733 275 1768 manis
294 1732 540 1768 circumdedere
558 1732 637 1774 alas,
655 1743 731 1765 mox
748 1742 872 1764 cornua
894 1727 1103 1763 extendendo
1125 1726 1216 1761 elau-

142 1783 242 1819 sssere
259 1786 293 1819 et
311 1784 351 1819 ab
369 1786 464 1828 tergo
481 1783 605 1817 hostes.
655 1782 746 1816 Hine
769 1780 912 1815 Romani
935 1778 1084 1814 defuncti
1102 1777 1216 1824 nequi-
