1298 1921
373 41 465 77 LIB.
488 39 606 72 XXII.
623 41 675 79 58,
692 42 742 72 59.
1024 40 1082 70 131

41 82 75 107 A.
91 81 117 106 c.
133 80 188 106 216.

40 114 169 150 hostem
213 113 397 148 eseeerunt.
450 113 536 147 Sunt
554 112 655 148 etiam
672 113 711 147 de
729 111 852 148 nostris
871 111 1016 157 quidam,
1036 110 1122 157 quiss

38 177 82 200 ne
105 166 139 200 in
163 165 232 200 acie
255 163 386 210 quidem
411 164 618 209 refugerunt,
645 164 703 198 sed
728 163 880 210 praesidio
902 163 1020 198 castris
1044 174 1091 196 re-

37 216 117 258 licti,
133 229 233 262 quum
248 219 359 251 castra
375 215 598 257 traderentur,
613 216 647 250 in
662 219 861 261 potestatem
877 214 1024 249 hostium
1039 225 1092 247 ve-

37 272 170 302 nerunt.
211 266 315 302 Haud
332 266 485 312 equidem
503 265 603 301 ullius
621 267 701 302 civis
719 270 753 301 et
771 265 1007 301 commilitonis
1025 264 1092 298 for·
1106 269 1124 300 7

37 322 128 354 tuuae
153 322 211 353 aut
236 317 420 353 conditioni
444 317 586 360 invideo,
612 330 675 353 nec
701 316 881 363 premendo
906 316 1007 351 alium
1034 327 1088 350 me
1112 350 1114 353 ,

37 369 197 405 extulisse
237 369 403 404 velim—2
444 381 485 403 ne
518 369 565 403 illi
598 369 740 415 quidem,
777 368 843 403 nisi
882 366 1091 413 pernicitatis

37 421 159 467 pedum
189 424 224 455 et
253 432 371 455 cursus
402 419 537 464 aliquod
566 420 739 465 praemium
764 422 829 460 est,
855 419 912 464 qui
940 417 1091 463 plerique

36 472 179 508 inermes
212 484 254 506 ex
287 471 356 506 acie
386 471 556 516 fugientes
589 484 656 505 non
685 471 776 517 prius
806 482 904 516 quam
937 469 1093 504 Venusiae

38 527 98 558 aut
123 523 262 558 Canusii
287 522 523 564 constiterunt,
550 535 586 557 se
610 522 706 557 nobis
736 522 854 557 merito
884 520 1093 567 praetulerint

0 615 1 620 ¹
36 574 236 621 gloriatique
254 574 320 608 siut
338 574 373 608 iu
389 586 424 608 se
443 573 516 618 plus
535 586 633 618 quani
651 574 687 608 in
705 573 871 608 nobismet
888 572 1032 618 praesidii
1046 572 1094 606 rei

0 630 1 634 ’
37 625 179 672 publica:
208 637 305 660 esse:
339 624 397 659 sed
424 624 488 659 illis
513 628 547 659 et
573 624 667 660 bonis
693 637 731 660 ac
760 624 904 659 fortibus
929 623 1093 658 militibus

37 677 178 711 utemini
196 681 229 711 et
253 675 348 711 nobis
372 676 471 710 etiam
498 676 758 721 promptioribus
782 688 841 721 pro
864 675 982 721 patria,
1004 675 1093 720 quod

37 727 198 762 beneficio
229 731 340 762 vestro
370 726 535 772 redempti
568 731 669 772 atque
698 727 733 762 in
765 727 908 772 patriam
941 726 1092 760 restituti

37 779 212 814 fuerimus.
261 778 433 813 Dilectum
451 790 492 812 ex
509 778 601 812 omni
617 781 716 813 aetate
734 781 768 813 et
791 779 928 812 fortuna
950 777 1092 819 habetis,
1107 787 1123 814 8

37 835 114 865 octo
132 829 234 864 millia
251 841 422 864 servorum
441 828 538 864 audio
557 829 696 864 armari:
723 842 789 864 non
807 829 916 864 minor
933 841 1092 863 numerus

36 885 152 916 noster
169 883 232 922 est,
251 893 312 915 nec
329 882 455 925 majore
474 880 582 926 pretio
602 881 721 916 redimi
744 892 923 926 possumus
950 892 1048 926 quam
1071 880 1094 914 ii

37 937 262 967 emuntur—z
288 944 365 966 nam
391 931 419 966 si
444 932 614 967 conferam
643 945 704 967 nos
729 944 804 967 cum
833 931 908 974 illis,
938 931 1093 977 injuriam

39 985 166 1020 nomini
195 985 349 1019 Romano
377 984 507 1019 faciam.
557 984 646 1019 Illud
675 985 776 1020 etiam
804 984 840 1020 in
867 984 928 1019 tali
956 984 1125 1023 consilio9

38 1035 369 1071 animadvertendum
400 1035 494 1071 vobis
519 1048 681 1078 censeam,
707 1039 821 1081 patres
846 1035 1038 1081 conscripti,
1066 1035 1094 1070 si

37 1091 152 1122 tamen
177 1087 328 1122 duriores
354 1099 427 1122 esse
453 1086 574 1129 velitis,
602 1086 691 1133 quod
714 1087 806 1122 nullo
831 1090 948 1121 nostro
973 1087 1094 1121 merito

37 1139 179 1182 faciatis,
204 1138 258 1173 cui
280 1151 341 1174 nos
364 1138 454 1173 hosti
477 1138 625 1173 relicturi
649 1139 744 1174 sitis:
770 1138 903 1184 Pyrrho
926 1138 1092 1180 videlicet,

39 1191 97 1236 qui
121 1202 180 1225 vos
204 1190 374 1235 hospitum
401 1202 541 1224 numero
568 1190 717 1236 captivos
738 1189 865 1231 habuit,
890 1202 932 1224 an
954 1189 1094 1225 barbaro

37 1254 75 1276 ac
91 1241 206 1282 Poeno,
225 1241 283 1287 qui
299 1244 415 1276 utrum
434 1241 564 1275 avarior
586 1254 629 1275 an
646 1241 811 1276 crudelior
834 1241 888 1283 sit,
907 1241 964 1275 vix
981 1240 1094 1275 existi-

36 1293 119 1328 mari
138 1296 271 1338 potest:
291 1292 321 1328 si
333 1292 477 1328 videatis
495 1295 629 1327 catenas
643 1292 830 1338 squalorem
844 1292 1092 1327 deformitatem

36 1344 161 1379 civium
185 1346 387 1385 vestrorum,
414 1356 483 1378 non
507 1343 617 1378 minus
643 1344 796 1389 profecto
822 1356 880 1378 vos
903 1356 942 1378 ea
966 1343 1093 1389 species

36 1398 169 1431 moveat
193 1409 290 1442 quam
318 1396 348 1431 si
372 1408 414 1431 ex
436 1396 541 1431 altera
565 1399 661 1442 parte
686 1396 830 1431 cernatis
855 1398 979 1431 stratas
1005 1396 1094 1430 Can-

35 1447 196 1482 nensibus
232 1447 358 1493 eampis
391 1447 540 1493 legiones
573 1450 714 1482 vestras.
785 1447 918 1482 Intueri
950 1447 1094 1493 potestis

36 1498 293 1534 sollicitudinem
319 1503 353 1534 et
375 1498 528 1534 lacrimas
553 1499 589 1534 in
614 1498 780 1534 vestibulo
805 1499 905 1534 curiae
932 1498 1095 1533 stantium

37 1553 258 1595 cognatorum
299 1553 494 1585 nostrorum
527 1550 863 1596 exspectantiumque
896 1562 1094 1595 responsum

35 1604 198 1636 vestrum.
249 1601 362 1639 Quum
382 1601 406 1636 ii
430 1614 490 1647 pro
506 1601 604 1636 nobis
627 1613 754 1647 proque
771 1601 811 1636 iis
829 1601 887 1647 qui
908 1601 1030 1636 absunt
1047 1601 1096 1636 ita
1111 1611 1149 1641 10

37 1652 194 1698 suspensi
207 1664 245 1688 ac
263 1652 398 1687 solliciti
416 1653 494 1696 sint,
507 1665 606 1698 quem
619 1653 763 1687 censetis
781 1653 929 1687 animum
946 1652 1096 1698 ipsorum

37 1715 122 1746 esse,
149 1716 290 1750 quorum
316 1703 352 1739 in
378 1703 572 1739 discrimine
596 1704 667 1738 vita
690 1703 893 1750 libertasque
919 1704 998 1738 est?
1038 1703 1097 1738 sed

37 1754 167 1792 si-me
189 1755 266 1791 dius
292 1755 512 1802 fidius-ipse
528 1755 563 1790 in
587 1767 649 1790 nos
669 1755 760 1791 mitis
784 1754 956 1792 Hannibal
979 1757 1099 1791 contra
