1298 1921
373 22 462 54 LIB.
483 22 602 54 XXII.
624 24 761 56 54—56.
1039 26 1100 58 127

49 64 218 144 &1333ssss
235 109 297 143 per
312 97 471 144 impigros
484 100 625 142 juvenes
651 109 735 133 esse.
785 97 875 133 Illud
898 111 960 144 per
986 101 1098 145 patres
1112 105 1132 136 4

49 148 140 194 ipsos
163 148 339 194 agendum,
363 149 519 194 quoniam
543 149 803 194 magistratuum
826 162 946 194 parum
975 151 1030 194 sit,
1059 154 1099 186 ut

49 200 232 235 tumultum
257 212 295 235 ac
319 200 576 245 trepidationem
600 200 635 235 in
662 200 745 235 urbe
770 200 902 244 tollant,
928 206 1099 237 matronas

48 250 180 297 publico
197 254 331 286 arceant
348 252 577 297 continerique
594 251 682 286 intra
699 264 796 286 suum
814 264 980 298 quamque
997 253 1098 288 limen

48 306 182 346 cogant,
195 302 419 347 comploratus
436 303 634 337 familiarum
652 308 837 345 coerceant,
851 303 1021 338 silentium
1040 316 1099 350 per

47 353 163 389 urbem
196 353 329 396 faciant,
362 355 499 389 nuntios
532 367 643 389 rerum
682 354 830 389 oninium
863 355 906 388 ad
938 357 1098 400 praetores

48 405 258 441 deducendos
276 410 403 449 curent,
417 419 485 441 suae
503 407 642 452 quisque
660 406 805 441 fortunae
822 405 911 440 domi
928 410 1099 442 auctorem

47 459 253 502 exspectent,
271 457 494 503 custodesque
511 461 672 503 praeterea
697 456 739 492 ad
756 462 870 503 portas
888 460 1025 503 ponant,
1041 457 1099 503 qui

47 508 246 553 prohibeant
264 521 461 555 quemquam
478 508 592 553 egredi
611 507 723 543 urbem
742 510 930 553 cogantque
947 507 1098 544 homines

46 558 173 594 nullam
197 559 261 594 nisi
284 559 367 594 urbe
392 571 430 594 ac
454 559 617 594 moenibus
643 559 744 594 salvis
770 559 913 594 salutem
938 571 1095 605 sperare:

46 610 105 645 ubi
128 611 327 646 conticuerit
351 610 527 652 tumultus,
554 615 627 645 tum
652 611 687 645 in
711 611 837 645 curiam
862 612 974 655 patres
1003 622 1098 646 revo-

46 661 169 697 candos
187 661 491 707 consulendumque
509 661 549 696 de
566 661 658 696 urbis
676 660 829 696 custodia
845 673 928 696 esse.

93 713 208 752 Quum
240 713 274 748 in
307 713 391 749 hanc
423 713 622 748 sententiam
656 712 796 758 pedibus
829 724 943 747 omnes
976 713 1095 755 issent,
1109 713 1191 755 (56)

46 767 278 810 summotaque
302 764 375 799 foro
399 777 458 810 per
480 764 698 810 magistratus
716 763 817 798 turba
837 767 951 808 patres
974 763 1098 799 diversi

45 815 87 850 ad
104 815 265 851 sedandos
283 815 449 851 tumultus
474 816 716 859 discessissent,
733 818 807 850 tum
825 814 957 849 demum
974 814 1097 850 litterae

44 879 64 902 a
88 867 127 903 C.
145 868 302 903 Terentio
327 868 463 903 consule
492 867 610 903 adlatae
635 871 724 909 sunt,
755 867 796 902 L.
814 867 990 902 AEmilium
1020 879 1098 902 con-

44 919 149 954 sulem
168 919 418 965 exercitumque
443 931 575 962 caesum,
593 931 666 954 sese
687 918 825 953 Canusii
849 930 922 953 esse
940 918 1097 964 reliquias

43 973 148 1005 tantae
165 971 267 1006 cladis
283 970 376 1006 velut
399 983 440 1006 ex
459 971 635 1016 naufragio
659 970 871 1015 colligentem
887 985 893 1004 :
921 969 963 1004 ad
983 969 1098 1004 decem

43 1022 148 1057 millia
179 1022 323 1057 militum
355 1022 459 1057 ferme
492 1034 565 1057 esse
597 1022 895 1067 incompositorum
927 1020 1097 1056 inordina-

42 1076 242 1119 torumque:
269 1074 409 1109 Poenum
439 1073 554 1108 sedere
583 1073 624 1108 ad
651 1073 795 1114 Cannas,
823 1072 858 1108 in
886 1072 1097 1118 captivorum

42 1125 158 1168 pretiis
191 1125 368 1171 praedaque
401 1125 465 1160 alia
497 1137 558 1160 nec
589 1124 727 1160 victoris
757 1124 867 1159 animo
894 1136 955 1159 nec
984 1124 1097 1170 magni

42 1175 136 1212 ducis
165 1189 256 1211 more
284 1175 538 1211 nundinantem.
588 1176 673 1210 Tum
702 1176 842 1221 privatae
876 1187 1008 1221 quoque
1036 1182 1128 1221 per2

41 1227 157 1262 domos
180 1227 289 1262 clades
312 1227 458 1273 vulgatae
483 1230 572 1270 sunt,
596 1226 745 1272 adeoque
769 1230 876 1262 totam
896 1226 1013 1262 urbem
1036 1238 1095 1272 op-

40 1278 144 1324 plevit
171 1278 283 1314 luctus
314 1282 353 1313 ut
382 1291 513 1314 sacrum
543 1278 805 1313 anniversarium
835 1278 965 1313 Cereris
992 1278 1095 1313 inter-

39 1329 179 1364 missum
201 1329 256 1373 sit,
282 1330 360 1375 quia
379 1342 442 1364 nec
463 1329 657 1375 lugentibus
678 1329 713 1364 id
738 1329 846 1364 facere
870 1331 922 1364 est
945 1328 1005 1371 fas,
1032 1341 1094 1364 nec

39 1380 108 1415 ulla
132 1380 167 1415 in
192 1380 249 1415 illa
273 1383 475 1426 tempestate
506 1384 657 1415 matrona
683 1393 803 1426 expers
829 1380 941 1415 luctus
970 1380 1090 1415 fuerat.

37 1431 161 1478 Itaque
178 1444 220 1467 ne
237 1431 279 1467 ob
296 1432 435 1467 eandem
452 1444 587 1467 causam
605 1432 668 1467 alia
691 1444 823 1478 quoque
847 1443 944 1466 sacra
959 1431 1091 1478 publica
1105 1440 1124 1469 3

39 1486 98 1518 aut
122 1483 254 1529 privata
277 1483 520 1527 desererentur,
546 1487 684 1518 senatus
710 1483 864 1519 consulto
890 1482 1008 1518 diebus
1033 1483 1091 1518 tri-

38 1535 134 1581 ginta
154 1534 266 1570 luctus
287 1537 339 1570 est
358 1532 484 1570 finitus.
535 1535 702 1570 Caeterum
729 1547 832 1581 quum
857 1534 973 1569 sedato
997 1534 1089 1570 urbis
1105 1544 1124 1572 4

37 1586 190 1621 tumultu
214 1586 361 1621 revocati
383 1586 418 1621 in
438 1586 563 1621 curiam
588 1590 702 1631 patres
724 1588 847 1629 essent,
866 1585 936 1620 aliae
953 1585 1091 1631 insuper

38 1649 80 1672 ex
97 1637 209 1672 Sicilia
225 1637 346 1672 litterae
364 1637 481 1672 adlatae
499 1640 577 1672 sunt
595 1637 636 1672 ab
653 1637 691 1672 Τ.
710 1637 855 1672 Otacilio
872 1640 1088 1683 propraetore,

38 1701 177 1734 regnum
197 1688 356 1723 Hieronis
374 1688 479 1724 classe
496 1689 625 1723 Punica
647 1689 782 1730 vastari,
802 1688 856 1724 cui
874 1701 976 1734 quum
994 1700 1088 1734 opem

37 1739 229 1786 imploranti
244 1739 332 1775 ferre
353 1740 462 1782 vellet,
488 1740 681 1775 nuntiatum
706 1740 771 1776 sibi
791 1752 864 1776 esse
887 1739 985 1775 aliam
1007 1739 1092 1775 clas-
