<?xml version="1.0" encoding="UTF-8"?>
<!DOCTYPE html PUBLIC "-//W3C//DTD XHTML 1.0 Transitional//EN"
    "http://www.w3.org/TR/xhtml1/DTD/xhtml1-transitional.dtd">
<html xmlns="http://www.w3.org/1999/xhtml" xml:lang="en" lang="en">
 <head>
  <title>
</title>
<meta http-equiv="Content-Type" content="text/html;charset=utf-8" />
  <meta name='ocr-system' content='tesseract 3.04.00' />
  <meta name='ocr-capabilities' content='ocr_page ocr_carea ocr_par ocr_line ocrx_word'/>
</head>
<body>
  <div class='ocr_page' id='page_1' title='image "./booksxxixxivwith00livyuoft_0134.png"; bbox 0 0 1298 1921; ppageno 0'>
   <div class='ocr_carea' id='block_1_1' title="bbox 172 0 1295 145">
    <p class='ocr_par' dir='ltr' id='par_1_1' title="bbox 172 0 1295 145">
     <span class='ocr_line' id='line_1_1' title="bbox 174 0 1295 111; baseline 0 -56"><span class='ocrx_word' id='word_1_1' title='bbox 174 26 233 55; x_wconf 88' lang='lat'>112</span> <span class='ocrx_word' id='word_1_2' title='bbox 405 24 442 56; x_wconf 86' lang='lat' dir='ltr'>T.</span> <span class='ocrx_word' id='word_1_3' title='bbox 461 24 584 55; x_wconf 78' lang='lat' dir='ltr'>leu</span> <span class='ocrx_word' id='word_1_4' title='bbox 607 23 940 55; x_wconf 80' lang='lat' dir='ltr'><strong>HISTORIARUM</strong></span> <span class='ocrx_word' id='word_1_5' title='bbox 1264 0 1295 111; x_wconf 58' lang='grc' dir='ltr'>Ἠ</span> 
     </span>
     <span class='ocr_line' id='line_1_2' title="bbox 172 65 1295 145; baseline 0.001 -12"><span class='ocrx_word' id='word_1_6' title='bbox 172 98 403 144; x_wconf 79' lang='lat' dir='ltr'>fuisse—quid</span> <span class='ocrx_word' id='word_1_7' title='bbox 433 98 561 133; x_wconf 87' lang='lat' dir='ltr'>consuli</span> <span class='ocrx_word' id='word_1_8' title='bbox 588 98 745 134; x_wconf 85' lang='lat' dir='ltr'>adversus</span> <span class='ocrx_word' id='word_1_9' title='bbox 773 99 930 145; x_wconf 80' lang='lat' dir='ltr'>collegam</span> <span class='ocrx_word' id='word_1_10' title='bbox 956 65 1213 135; x_wconf 39' lang='lat' dir='ltr'>seditibpsniiiz‘ii</span> <span class='ocrx_word' id='word_1_11' title='bbox 1293 114 1295 123; x_wconf 62' lang='lat'><em>³</em></span> 
     </span>
    </p>
   </div>
   <div class='ocr_carea' id='block_1_2' title="bbox 92 91 1283 1785">
    <p class='ocr_par' dir='ltr' id='par_1_2' title="bbox 171 91 1275 350">
     <span class='ocr_line' id='line_1_3' title="bbox 171 91 1270 196; baseline 0.002 -12"><span class='ocrx_word' id='word_1_12' title='bbox 171 150 384 185; x_wconf 83' lang='lat' dir='ltr'>temerarium</span> <span class='ocrx_word' id='word_1_13' title='bbox 401 150 520 184; x_wconf 87' lang='lat' dir='ltr'>virium</span> <span class='ocrx_word' id='word_1_14' title='bbox 541 153 641 195; x_wconf 86' lang='lat' dir='ltr'>atque</span> <span class='ocrx_word' id='word_1_15' title='bbox 659 151 868 185; x_wconf 76' lang='lat' dir='ltr'>auctoritatis</span> <span class='ocrx_word' id='word_1_16' title='bbox 886 152 982 186; x_wconf 77' lang='lat' dir='ltr'>fore?</span> <span class='ocrx_word' id='word_1_17' title='bbox 1007 163 1042 186; x_wconf 82' lang='lat' dir='ltr'>Se</span> <span class='ocrx_word' id='word_1_18' title='bbox 1056 151 1214 196; x_wconf 81' lang='lat' dir='ltr'>populare</span> <span class='ocrx_word' id='word_1_19' title='bbox 1267 91 1270 147; x_wconf 78' lang='grc' dir='ltr'>Ι</span> 
     </span>
     <span class='ocr_line' id='line_1_4' title="bbox 171 176 1272 247; baseline 0 -11"><span class='ocrx_word' id='word_1_20' title='bbox 171 201 361 236; x_wconf 74' lang='lat' dir='ltr'>incendium</span> <span class='ocrx_word' id='word_1_21' title='bbox 374 201 484 246; x_wconf 90' lang='lat' dir='ltr'>priore</span> <span class='ocrx_word' id='word_1_22' title='bbox 502 201 678 236; x_wconf 75' lang='lat' dir='ltr'>consulatu</span> <span class='ocrx_word' id='word_1_23' title='bbox 696 205 879 236; x_wconf 81' lang='lat' dir='ltr'>semustum</span> <span class='ocrx_word' id='word_1_24' title='bbox 897 202 1073 247; x_wconf 77' lang='lat' dir='ltr'>effugisse:</span> <span class='ocrx_word' id='word_1_25' title='bbox 1099 205 1214 247; x_wconf 85' lang='lat' dir='ltr'>opt-are</span> <span class='ocrx_word' id='word_1_26' title='bbox 1269 176 1272 242; x_wconf 62' lang='lat' dir='ltr'>t</span> 
     </span>
     <span class='ocr_line' id='line_1_5' title="bbox 171 252 1273 298; baseline 0 -12"><span class='ocrx_word' id='word_1_27' title='bbox 171 256 210 286; x_wconf 90' lang='lat' dir='ltr'>ut</span> <span class='ocrx_word' id='word_1_28' title='bbox 228 252 338 286; x_wconf 81' lang='lat' dir='ltr'>omnia</span> <span class='ocrx_word' id='word_1_29' title='bbox 354 264 511 297; x_wconf 81' lang='lat' dir='ltr'><strong>prospere</strong></span> <span class='ocrx_word' id='word_1_30' title='bbox 529 252 690 292; x_wconf 85' lang='lat' dir='ltr'>venirent,</span> <span class='ocrx_word' id='word_1_31' title='bbox 709 256 753 296; x_wconf 87' lang='lat' dir='ltr'>et,</span> <span class='ocrx_word' id='word_1_32' title='bbox 772 254 800 288; x_wconf 85' lang='lat' dir='ltr'>si</span> <span class='ocrx_word' id='word_1_33' title='bbox 823 253 902 298; x_wconf 86' lang='lat' dir='ltr'>quid</span> <span class='ocrx_word' id='word_1_34' title='bbox 927 253 1056 287; x_wconf 77' lang='lat' dir='ltr'>adversi</span> <span class='ocrx_word' id='word_1_35' title='bbox 1073 255 1215 298; x_wconf 83' lang='lat' dir='ltr'>caperet,</span> <span class='ocrx_word' id='word_1_36' title='bbox 1271 254 1273 286; x_wconf 78' lang='grc' dir='ltr'>Ι</span> 
     </span>
     <span class='ocr_line' id='line_1_6' title="bbox 172 291 1275 350; baseline 0.003 -12"><span class='ocrx_word' id='word_1_37' title='bbox 172 304 318 338; x_wconf 86' lang='lat' dir='ltr'>hostium</span> <span class='ocrx_word' id='word_1_38' title='bbox 338 316 373 338; x_wconf 89' lang='lat' dir='ltr'>se</span> <span class='ocrx_word' id='word_1_39' title='bbox 390 303 465 338; x_wconf 88' lang='lat' dir='ltr'>telis</span> <span class='ocrx_word' id='word_1_40' title='bbox 484 304 596 349; x_wconf 87' lang='lat' dir='ltr'>potius</span> <span class='ocrx_word' id='word_1_41' title='bbox 614 317 712 350; x_wconf 82' lang='lat' dir='ltr'>quam</span> <span class='ocrx_word' id='word_1_42' title='bbox 731 305 896 350; x_wconf 82' lang='lat' dir='ltr'>suffragiis</span> <span class='ocrx_word' id='word_1_43' title='bbox 919 305 1077 339; x_wconf 84' lang='lat' dir='ltr'>iratorum</span> <span class='ocrx_word' id='word_1_44' title='bbox 1094 304 1216 339; x_wconf 85' lang='lat' dir='ltr'>civium</span> <span class='ocrx_word' id='word_1_45' title='bbox 1272 291 1275 341; x_wconf 66' lang='lat' dir='ltr'>l</span> 
     </span>
    </p>

    <p class='ocr_par' dir='ltr' id='par_1_3' title="bbox 143 355 1283 564">
     <span class='ocr_line' id='line_1_7' title="bbox 143 355 1277 423; baseline 0.001 -34"><span class='ocrx_word' id='word_1_46' title='bbox 143 358 273 400; x_wconf 87' lang='lat' dir='ltr'>2caput</span> <span class='ocrx_word' id='word_1_47' title='bbox 301 355 520 400; x_wconf 84' lang='lat' dir='ltr'>objecturum.</span> <span class='ocrx_word' id='word_1_48' title='bbox 569 355 623 390; x_wconf 92' lang='lat' dir='ltr'>Ab</span> <span class='ocrx_word' id='word_1_49' title='bbox 650 355 712 391; x_wconf 90' lang='lat' dir='ltr'>hoc</span> <span class='ocrx_word' id='word_1_50' title='bbox 738 368 888 391; x_wconf 83' lang='lat' dir='ltr'>sermone</span> <span class='ocrx_word' id='word_1_51' title='bbox 916 355 1103 401; x_wconf 87' lang='lat' dir='ltr'>profectum</span> <span class='ocrx_word' id='word_1_52' title='bbox 1129 356 1216 390; x_wconf 83' lang='lat' dir='ltr'>Pau·</span> <span class='ocrx_word' id='word_1_53' title='bbox 1274 362 1277 423; x_wconf 69' lang='grc'><em>.</em></span> 
     </span>
     <span class='ocr_line' id='line_1_8' title="bbox 173 405 1218 452; baseline 0 -12"><span class='ocrx_word' id='word_1_54' title='bbox 173 406 241 440; x_wconf 87' lang='grc'><strong>111111</strong></span> <span class='ocrx_word' id='word_1_55' title='bbox 266 405 404 440; x_wconf 82' lang='lat' dir='ltr'>tradunt</span> <span class='ocrx_word' id='word_1_56' title='bbox 429 407 708 451; x_wconf 79' lang='lat' dir='ltr'>prosequentibus</span> <span class='ocrx_word' id='word_1_57' title='bbox 737 406 936 452; x_wconf 87' lang='lat' dir='ltr'>primoribus</span> <span class='ocrx_word' id='word_1_58' title='bbox 964 409 1117 451; x_wconf 84' lang='lat' dir='ltr'>patrum:</span> <span class='ocrx_word' id='word_1_59' title='bbox 1148 406 1218 451; x_wconf 86' lang='lat' dir='ltr'>ple-</span> 
     </span>
     <span class='ocr_line' id='line_1_9' title="bbox 174 427 1283 564; baseline 0.001 -73"><span class='ocrx_word' id='word_1_60' title='bbox 174 457 284 492; x_wconf 84' lang='lat' dir='ltr'>beium</span> <span class='ocrx_word' id='word_1_61' title='bbox 302 457 470 491; x_wconf 81' lang='lat' dir='ltr'>consulem</span> <span class='ocrx_word' id='word_1_62' title='bbox 494 469 555 491; x_wconf 81' lang='lat' dir='ltr'>sua</span> <span class='ocrx_word' id='word_1_63' title='bbox 579 457 690 503; x_wconf 83' lang='lat' dir='ltr'>plebes</span> <span class='ocrx_word' id='word_1_64' title='bbox 717 461 931 504; x_wconf 78' lang='lat' dir='ltr'>prosequuta,</span> <span class='ocrx_word' id='word_1_65' title='bbox 948 457 1048 492; x_wconf 87' lang='lat' dir='ltr'>turba</span> <span class='ocrx_word' id='word_1_66' title='bbox 1064 469 1218 503; x_wconf 88' lang='lat' dir='ltr'>conspec-</span> <span class='ocrx_word' id='word_1_67' title='bbox 1275 427 1283 564; x_wconf 47' lang='grc' dir='ltr'>ἱ</span> 
     </span>
     <span class='ocr_line' id='line_1_10' title="bbox 177 508 744 554; baseline 0.004 -12"><span class='ocrx_word' id='word_1_68' title='bbox 177 509 240 543; x_wconf 82' lang='lat' dir='ltr'>tior</span> <span class='ocrx_word' id='word_1_69' title='bbox 258 521 359 554; x_wconf 90' lang='lat' dir='ltr'>quum</span> <span class='ocrx_word' id='word_1_70' title='bbox 378 508 562 554; x_wconf 75' lang='lat' dir='ltr'>dignitates</span> <span class='ocrx_word' id='word_1_71' title='bbox 581 509 744 544; x_wconf 80' lang='lat' dir='ltr'>deessent.</span> 
     </span>
    </p>

    <p class='ocr_par' dir='ltr' id='par_1_4' title="bbox 143 559 1220 863">
     <span class='ocr_line' id='line_1_11' title="bbox 143 559 1218 606; baseline -0.004 -9"><span class='ocrx_word' id='word_1_72' title='bbox 143 568 161 597; x_wconf 89' lang='lat'><strong>3</strong></span> <span class='ocrx_word' id='word_1_73' title='bbox 220 560 270 594; x_wconf 89' lang='lat' dir='ltr'>Ut</span> <span class='ocrx_word' id='word_1_74' title='bbox 303 560 338 594; x_wconf 89' lang='lat' dir='ltr'>in</span> <span class='ocrx_word' id='word_1_75' title='bbox 366 565 476 594; x_wconf 83' lang='lat' dir='ltr'>castra</span> <span class='ocrx_word' id='word_1_76' title='bbox 504 565 676 602; x_wconf 85' lang='lat' dir='ltr'>venerunt,</span> <span class='ocrx_word' id='word_1_77' title='bbox 708 560 871 606; x_wconf 79' lang='lat' dir='ltr'>permixto</span> <span class='ocrx_word' id='word_1_78' title='bbox 887 572 972 594; x_wconf 84' lang='lat' dir='ltr'>novo</span> <span class='ocrx_word' id='word_1_79' title='bbox 1001 559 1153 594; x_wconf 83' lang='lat' dir='ltr'>exercitu</span> <span class='ocrx_word' id='word_1_80' title='bbox 1181 571 1218 593; x_wconf 78' lang='lat' dir='ltr'>ac</span> 
     </span>
     <span class='ocr_line' id='line_1_12' title="bbox 177 611 1219 653; baseline -0.001 -8"><span class='ocrx_word' id='word_1_81' title='bbox 177 617 298 652; x_wconf 87' lang='lat' dir='ltr'>vetere,</span> <span class='ocrx_word' id='word_1_82' title='bbox 325 611 443 645; x_wconf 83' lang='lat' dir='ltr'>castris</span> <span class='ocrx_word' id='word_1_83' title='bbox 473 611 623 646; x_wconf 78' lang='lat' dir='ltr'>bifariam</span> <span class='ocrx_word' id='word_1_84' title='bbox 652 612 758 653; x_wconf 79' lang='lat' dir='ltr'>sactis,</span> <span class='ocrx_word' id='word_1_85' title='bbox 784 616 822 647; x_wconf 92' lang='lat' dir='ltr'>ut</span> <span class='ocrx_word' id='word_1_86' title='bbox 847 624 932 646; x_wconf 80' lang='lat' dir='ltr'>nova</span> <span class='ocrx_word' id='word_1_87' title='bbox 956 611 1084 645; x_wconf 80' lang='lat' dir='ltr'>minora</span> <span class='ocrx_word' id='word_1_88' title='bbox 1107 612 1219 645; x_wconf 82' lang='lat' dir='ltr'>essent</span> 
     </span>
     <span class='ocr_line' id='line_1_13' title="bbox 176 662 1219 708; baseline -0.002 -11"><span class='ocrx_word' id='word_1_89' title='bbox 176 663 310 708; x_wconf 85' lang='lat' dir='ltr'>propius</span> <span class='ocrx_word' id='word_1_90' title='bbox 333 662 566 704; x_wconf 81' lang='lat' dir='ltr'>Hannibalem,</span> <span class='ocrx_word' id='word_1_91' title='bbox 592 663 626 697; x_wconf 89' lang='lat' dir='ltr'>in</span> <span class='ocrx_word' id='word_1_92' title='bbox 651 663 819 698; x_wconf 81' lang='lat' dir='ltr'>veteribus</span> <span class='ocrx_word' id='word_1_93' title='bbox 843 663 946 708; x_wconf 78' lang='lat' dir='ltr'>major</span> <span class='ocrx_word' id='word_1_94' title='bbox 968 674 1044 708; x_wconf 84' lang='lat' dir='ltr'>pars</span> <span class='ocrx_word' id='word_1_95' title='bbox 1067 665 1101 696; x_wconf 89' lang='lat' dir='ltr'>et</span> <span class='ocrx_word' id='word_1_96' title='bbox 1123 673 1219 695; x_wconf 88' lang='lat' dir='ltr'>omne</span> 
     </span>
     <span class='ocr_line' id='line_1_14' title="bbox 177 712 1219 760; baseline -0.002 -12"><span class='ocrx_word' id='word_1_97' title='bbox 177 714 276 748; x_wconf 86' lang='lat' dir='ltr'>robur</span> <span class='ocrx_word' id='word_1_98' title='bbox 300 714 420 748; x_wconf 89' lang='lat' dir='ltr'>virium</span> <span class='ocrx_word' id='word_1_99' title='bbox 447 718 545 756; x_wconf 85' lang='lat' dir='ltr'>esset,</span> <span class='ocrx_word' id='word_1_100' title='bbox 566 715 733 749; x_wconf 81' lang='lat' dir='ltr'>consulem</span> <span class='ocrx_word' id='word_1_101' title='bbox 759 715 836 749; x_wconf 81' lang='lat' dir='ltr'>anni</span> <span class='ocrx_word' id='word_1_102' title='bbox 860 714 978 760; x_wconf 80' lang='lat' dir='ltr'>prioris</span> <span class='ocrx_word' id='word_1_103' title='bbox 1005 714 1052 747; x_wconf 87' lang='lat' dir='ltr'>M.</span> <span class='ocrx_word' id='word_1_104' title='bbox 1078 712 1219 747; x_wconf 86' lang='lat' dir='ltr'>Atilium</span> 
     </span>
     <span class='ocr_line' id='line_1_15' title="bbox 175 764 1220 806; baseline -0.002 -7"><span class='ocrx_word' id='word_1_105' title='bbox 175 768 306 800; x_wconf 76' lang='lat' dir='ltr'>aetatem</span> <span class='ocrx_word' id='word_1_106' title='bbox 334 770 548 800; x_wconf 76' lang='lat' dir='ltr'>excusantem</span> <span class='ocrx_word' id='word_1_107' title='bbox 575 766 713 800; x_wconf 81' lang='lat' dir='ltr'>Romam</span> <span class='ocrx_word' id='word_1_108' title='bbox 744 766 918 806; x_wconf 85' lang='lat' dir='ltr'>miserunt,</span> <span class='ocrx_word' id='word_1_109' title='bbox 944 765 1120 799; x_wconf 87' lang='lat' dir='ltr'>Geminum</span> <span class='ocrx_word' id='word_1_110' title='bbox 1146 764 1220 797; x_wconf 84' lang='lat' dir='ltr'>Ser-</span> 
     </span>
     <span class='ocr_line' id='line_1_16' title="bbox 175 815 1220 863; baseline -0.003 -12"><span class='ocrx_word' id='word_1_111' title='bbox 175 817 290 851; x_wconf 87' lang='lat' dir='ltr'>vilium</span> <span class='ocrx_word' id='word_1_112' title='bbox 307 817 340 851; x_wconf 91' lang='lat' dir='ltr'>in</span> <span class='ocrx_word' id='word_1_113' title='bbox 363 816 546 851; x_wconf 84' lang='lat' dir='ltr'>minoribus</span> <span class='ocrx_word' id='word_1_114' title='bbox 569 817 687 851; x_wconf 84' lang='lat' dir='ltr'>castris</span> <span class='ocrx_word' id='word_1_115' title='bbox 710 816 832 863; x_wconf 79' lang='lat' dir='ltr'>legioni</span> <span class='ocrx_word' id='word_1_116' title='bbox 855 817 1013 851; x_wconf 58' lang='lat' dir='ltr'>Romanae</span> <span class='ocrx_word' id='word_1_117' title='bbox 1036 818 1069 849; x_wconf 89' lang='lat' dir='ltr'>et</span> <span class='ocrx_word' id='word_1_118' title='bbox 1094 815 1220 849; x_wconf 88' lang='lat' dir='ltr'>socium</span> 
     </span>
    </p>

    <p class='ocr_par' dir='ltr' id='par_1_5' title="bbox 145 866 1224 1324">
     <span class='ocr_line' id='line_1_17' title="bbox 145 866 1221 914; baseline -0.005 -10"><span class='ocrx_word' id='word_1_119' title='bbox 145 868 326 914; x_wconf 79' lang='lat' dir='ltr'>4peditum</span> <span class='ocrx_word' id='word_1_120' title='bbox 343 868 562 914; x_wconf 82' lang='lat' dir='ltr'>equitumque</span> <span class='ocrx_word' id='word_1_121' title='bbox 580 868 709 903; x_wconf 87' lang='lat' dir='ltr'>dnobus</span> <span class='ocrx_word' id='word_1_122' title='bbox 727 868 872 903; x_wconf 87' lang='lat' dir='ltr'>millibus</span> <span class='ocrx_word' id='word_1_123' title='bbox 890 867 1083 913; x_wconf 76' lang='lat' dir='ltr'>praeficiunt.</span> <span class='ocrx_word' id='word_1_124' title='bbox 1126 866 1221 900; x_wconf 83' lang='lat' dir='ltr'>Han-</span> 
     </span>
     <span class='ocr_line' id='line_1_18' title="bbox 176 917 1220 965; baseline -0.004 -11"><span class='ocrx_word' id='word_1_125' title='bbox 176 919 265 954; x_wconf 81' lang='lat' dir='ltr'>nibal</span> <span class='ocrx_word' id='word_1_126' title='bbox 295 931 495 965; x_wconf 82' lang='lat' dir='ltr'>quamquam</span> <span class='ocrx_word' id='word_1_127' title='bbox 521 926 614 964; x_wconf 80' lang='lat' dir='ltr'>parte</span> <span class='ocrx_word' id='word_1_128' title='bbox 641 919 775 954; x_wconf 79' lang='lat' dir='ltr'>dimidia</span> <span class='ocrx_word' id='word_1_129' title='bbox 800 922 914 954; x_wconf 86' lang='lat' dir='ltr'>auctas</span> <span class='ocrx_word' id='word_1_130' title='bbox 938 918 1084 952; x_wconf 86' lang='lat' dir='ltr'>hostium</span> <span class='ocrx_word' id='word_1_131' title='bbox 1110 917 1220 962; x_wconf 86' lang='lat' dir='ltr'>copias</span> 
     </span>
     <span class='ocr_line' id='line_1_19' title="bbox 176 968 1222 1014; baseline -0.004 -8"><span class='ocrx_word' id='word_1_132' title='bbox 176 970 343 1014; x_wconf 81' lang='lat' dir='ltr'>cernebat,</span> <span class='ocrx_word' id='word_1_133' title='bbox 366 974 478 1005; x_wconf 83' lang='lat' dir='ltr'>tamen</span> <span class='ocrx_word' id='word_1_134' title='bbox 500 970 646 1005; x_wconf 82' lang='lat' dir='ltr'>adventu</span> <span class='ocrx_word' id='word_1_135' title='bbox 667 971 839 1006; x_wconf 87' lang='lat' dir='ltr'>consulum</span> <span class='ocrx_word' id='word_1_136' title='bbox 863 970 943 1004; x_wconf 85' lang='lat' dir='ltr'>mire</span> <span class='ocrx_word' id='word_1_137' title='bbox 963 968 1127 1014; x_wconf 81' lang='lat' dir='ltr'>gaudere:</span> <span class='ocrx_word' id='word_1_138' title='bbox 1155 980 1222 1002; x_wconf 89' lang='lat' dir='ltr'>non</span> 
     </span>
     <span class='ocr_line' id='line_1_20' title="bbox 176 1019 1222 1067; baseline -0.003 -11"><span class='ocrx_word' id='word_1_139' title='bbox 176 1022 282 1057; x_wconf 85' lang='lat' dir='ltr'>solum</span> <span class='ocrx_word' id='word_1_140' title='bbox 301 1023 387 1056; x_wconf 87' lang='lat' dir='ltr'>enim</span> <span class='ocrx_word' id='word_1_141' title='bbox 406 1022 489 1056; x_wconf 86' lang='lat' dir='ltr'>nihil</span> <span class='ocrx_word' id='word_1_142' title='bbox 513 1034 553 1056; x_wconf 86' lang='lat' dir='ltr'>ex</span> <span class='ocrx_word' id='word_1_143' title='bbox 574 1023 677 1067; x_wconf 79' lang='lat' dir='ltr'>raptis</span> <span class='ocrx_word' id='word_1_144' title='bbox 701 1022 735 1056; x_wconf 89' lang='lat' dir='ltr'>in</span> <span class='ocrx_word' id='word_1_145' title='bbox 757 1021 842 1056; x_wconf 86' lang='lat' dir='ltr'>diem</span> <span class='ocrx_word' id='word_1_146' title='bbox 867 1019 1106 1056; x_wconf 80' lang='lat' dir='ltr'>commeatibus</span> <span class='ocrx_word' id='word_1_147' title='bbox 1126 1031 1222 1063; x_wconf 86' lang='lat' dir='ltr'>supe-</span> 
     </span>
     <span class='ocr_line' id='line_1_21' title="bbox 176 1069 1223 1118; baseline -0.004 -10"><span class='ocrx_word' id='word_1_148' title='bbox 176 1073 281 1117; x_wconf 78' lang='lat' dir='ltr'>rabat,</span> <span class='ocrx_word' id='word_1_149' title='bbox 307 1073 365 1108; x_wconf 89' lang='lat' dir='ltr'>sed</span> <span class='ocrx_word' id='word_1_150' title='bbox 394 1086 435 1108; x_wconf 84' lang='lat' dir='ltr'>ne</span> <span class='ocrx_word' id='word_1_151' title='bbox 465 1073 554 1108; x_wconf 84' lang='lat' dir='ltr'>unde</span> <span class='ocrx_word' id='word_1_152' title='bbox 579 1077 709 1118; x_wconf 85' lang='lat' dir='ltr'>raperet</span> <span class='ocrx_word' id='word_1_153' title='bbox 739 1073 870 1118; x_wconf 86' lang='lat' dir='ltr'>quidem</span> <span class='ocrx_word' id='word_1_154' title='bbox 901 1072 1076 1118; x_wconf 82' lang='lat' dir='ltr'>quicquam</span> <span class='ocrx_word' id='word_1_155' title='bbox 1105 1069 1223 1115; x_wconf 83' lang='lat' dir='ltr'>reliqui</span> 
     </span>
     <span class='ocr_line' id='line_1_22' title="bbox 177 1124 1223 1170; baseline -0.005 -10"><span class='ocrx_word' id='word_1_156' title='bbox 177 1129 248 1160; x_wconf 85' lang='lat' dir='ltr'>erat</span> <span class='ocrx_word' id='word_1_157' title='bbox 281 1125 371 1160; x_wconf 86' lang='lat' dir='ltr'>omni</span> <span class='ocrx_word' id='word_1_158' title='bbox 404 1124 551 1170; x_wconf 86' lang='lat' dir='ltr'>undique</span> <span class='ocrx_word' id='word_1_159' title='bbox 584 1125 761 1168; x_wconf 84' lang='lat' dir='ltr'>frumento,</span> <span class='ocrx_word' id='word_1_160' title='bbox 791 1127 966 1170; x_wconf 79' lang='lat' dir='ltr'>postquam</span> <span class='ocrx_word' id='word_1_161' title='bbox 1000 1135 1078 1168; x_wconf 82' lang='lat' dir='ltr'>ager</span> <span class='ocrx_word' id='word_1_162' title='bbox 1106 1134 1223 1167; x_wconf 77' lang='lat' dir='ltr'>parum</span> 
     </span>
     <span class='ocr_line' id='line_1_23' title="bbox 177 1173 1223 1218; baseline -0.005 -7"><span class='ocrx_word' id='word_1_163' title='bbox 177 1180 271 1211; x_wconf 87' lang='lat' dir='ltr'>tutus</span> <span class='ocrx_word' id='word_1_164' title='bbox 297 1180 377 1218; x_wconf 84' lang='lat' dir='ltr'>erat,</span> <span class='ocrx_word' id='word_1_165' title='bbox 404 1176 436 1210; x_wconf 84' lang='lat' dir='ltr'>in</span> <span class='ocrx_word' id='word_1_166' title='bbox 464 1176 562 1210; x_wconf 83' lang='lat' dir='ltr'>urbes</span> <span class='ocrx_word' id='word_1_167' title='bbox 592 1177 735 1210; x_wconf 78' lang='lat' dir='ltr'>munitas</span> <span class='ocrx_word' id='word_1_168' title='bbox 761 1180 929 1216; x_wconf 77' lang='lat' dir='ltr'>convecto,</span> <span class='ocrx_word' id='word_1_169' title='bbox 960 1178 998 1208; x_wconf 91' lang='lat' dir='ltr'>ut</span> <span class='ocrx_word' id='word_1_170' title='bbox 1023 1174 1081 1208; x_wconf 76' lang='lat' dir='ltr'>vix</span> <span class='ocrx_word' id='word_1_171' title='bbox 1110 1173 1223 1207; x_wconf 85' lang='lat' dir='ltr'>decem</span> 
     </span>
     <span class='ocr_line' id='line_1_24' title="bbox 177 1227 1224 1273; baseline -0.005 -11"><span class='ocrx_word' id='word_1_172' title='bbox 177 1227 315 1269; x_wconf 85' lang='lat' dir='ltr'>dierum,</span> <span class='ocrx_word' id='word_1_173' title='bbox 336 1227 425 1273; x_wconf 88' lang='lat' dir='ltr'>quod</span> <span class='ocrx_word' id='word_1_174' title='bbox 443 1231 649 1272; x_wconf 86' lang='lat' dir='ltr'>compertum</span> <span class='ocrx_word' id='word_1_175' title='bbox 669 1230 785 1273; x_wconf 82' lang='lat' dir='ltr'>postea</span> <span class='ocrx_word' id='word_1_176' title='bbox 807 1230 867 1268; x_wconf 91' lang='lat' dir='ltr'>est,</span> <span class='ocrx_word' id='word_1_177' title='bbox 887 1227 1092 1260; x_wconf 83' lang='lat' dir='ltr'>frumentum</span> <span class='ocrx_word' id='word_1_178' title='bbox 1110 1236 1224 1269; x_wconf 84' lang='lat' dir='ltr'>super-</span> 
     </span>
     <span class='ocr_line' id='line_1_25' title="bbox 177 1275 1223 1324; baseline -0.006 -10"><span class='ocrx_word' id='word_1_179' title='bbox 177 1282 275 1321; x_wconf 83' lang='lat' dir='ltr'>esset,</span> <span class='ocrx_word' id='word_1_180' title='bbox 301 1279 601 1324; x_wconf 82' lang='lat' dir='ltr'>Hispanorumque</span> <span class='ocrx_word' id='word_1_181' title='bbox 625 1279 666 1313; x_wconf 83' lang='lat' dir='ltr'>ob</span> <span class='ocrx_word' id='word_1_182' title='bbox 690 1279 833 1323; x_wconf 82' lang='lat' dir='ltr'>inopiam</span> <span class='ocrx_word' id='word_1_183' title='bbox 858 1277 1012 1312; x_wconf 82' lang='lat' dir='ltr'>transitio</span> <span class='ocrx_word' id='word_1_184' title='bbox 1038 1279 1154 1322; x_wconf 80' lang='lat' dir='ltr'>parata</span> <span class='ocrx_word' id='word_1_185' title='bbox 1174 1275 1223 1309; x_wconf 87' lang='lat' dir='ltr'>fu-</span> 
     </span>
    </p>

    <p class='ocr_par' dir='ltr' id='par_1_6' title="bbox 92 1327 1226 1683">
     <span class='ocr_line' id='line_1_26' title="bbox 92 1327 1224 1375; baseline -0.004 -10"><span class='ocrx_word' id='word_1_186' title='bbox 92 1331 167 1373; x_wconf 88' lang='lat'>(41)</span> <span class='ocrx_word' id='word_1_187' title='bbox 178 1331 251 1373; x_wconf 81' lang='lat' dir='ltr'>erit,</span> <span class='ocrx_word' id='word_1_188' title='bbox 265 1330 293 1365; x_wconf 93' lang='lat' dir='ltr'>si</span> <span class='ocrx_word' id='word_1_189' title='bbox 310 1330 487 1364; x_wconf 82' lang='lat' dir='ltr'>maturitas</span> <span class='ocrx_word' id='word_1_190' title='bbox 502 1333 688 1375; x_wconf 78' lang='lat' dir='ltr'>temporum</span> <span class='ocrx_word' id='word_1_191' title='bbox 707 1333 901 1375; x_wconf 79' lang='lat' dir='ltr'>exspectata</span> <span class='ocrx_word' id='word_1_192' title='bbox 918 1329 1014 1363; x_wconf 86' lang='lat' dir='ltr'>foret.</span> <span class='ocrx_word' id='word_1_193' title='bbox 1057 1327 1224 1361; x_wconf 64' lang='lat' dir='ltr'>Caeterum</span> 
     </span>
     <span class='ocr_line' id='line_1_27' title="bbox 178 1378 1224 1426; baseline -0.005 -10"><span class='ocrx_word' id='word_1_194' title='bbox 178 1381 361 1417; x_wconf 76' lang='lat' dir='ltr'>temeritati</span> <span class='ocrx_word' id='word_1_195' title='bbox 393 1381 538 1415; x_wconf 85' lang='lat' dir='ltr'>consulis</span> <span class='ocrx_word' id='word_1_196' title='bbox 572 1393 609 1415; x_wconf 81' lang='lat' dir='ltr'>ac</span> <span class='ocrx_word' id='word_1_197' title='bbox 643 1393 850 1426; x_wconf 72' lang='lat' dir='ltr'>praepropero</span> <span class='ocrx_word' id='word_1_198' title='bbox 883 1379 1016 1426; x_wconf 83' lang='lat' dir='ltr'>ingenio</span> <span class='ocrx_word' id='word_1_199' title='bbox 1052 1378 1224 1413; x_wconf 80' lang='lat' dir='ltr'>materiam</span> 
     </span>
     <span class='ocr_line' id='line_1_28' title="bbox 177 1428 1224 1478; baseline -0.004 -12"><span class='ocrx_word' id='word_1_200' title='bbox 177 1433 277 1468; x_wconf 83' lang='lat' dir='ltr'>etiam</span> <span class='ocrx_word' id='word_1_201' title='bbox 296 1433 431 1466; x_wconf 86' lang='lat' dir='ltr'>fortuna</span> <span class='ocrx_word' id='word_1_202' title='bbox 454 1431 557 1476; x_wconf 81' lang='lat' dir='ltr'>dedit,</span> <span class='ocrx_word' id='word_1_203' title='bbox 581 1431 668 1478; x_wconf 88' lang='lat' dir='ltr'>quod</span> <span class='ocrx_word' id='word_1_204' title='bbox 693 1432 726 1466; x_wconf 90' lang='lat' dir='ltr'>in</span> <span class='ocrx_word' id='word_1_205' title='bbox 750 1431 961 1477; x_wconf 85' lang='lat' dir='ltr'>prohibendis</span> <span class='ocrx_word' id='word_1_206' title='bbox 985 1428 1224 1476; x_wconf 65' lang='lat' dir='ltr'>praedatoribus</span> 
     </span>
     <span class='ocr_line' id='line_1_29' title="bbox 177 1481 1222 1529; baseline -0.005 -11"><span class='ocrx_word' id='word_1_207' title='bbox 177 1484 398 1519; x_wconf 79' lang='lat' dir='ltr'>tumultuario</span> <span class='ocrx_word' id='word_1_208' title='bbox 428 1483 542 1529; x_wconf 68' lang='lat' dir='ltr'>proelio</span> <span class='ocrx_word' id='word_1_209' title='bbox 573 1495 610 1517; x_wconf 85' lang='lat' dir='ltr'>ac</span> <span class='ocrx_word' id='word_1_210' title='bbox 638 1495 799 1528; x_wconf 84' lang='lat' dir='ltr'>procursu</span> <span class='ocrx_word' id='word_1_211' title='bbox 826 1483 931 1528; x_wconf 75' lang='lat' dir='ltr'>magis</span> <span class='ocrx_word' id='word_1_212' title='bbox 957 1481 1100 1516; x_wconf 85' lang='lat' dir='ltr'>militum</span> <span class='ocrx_word' id='word_1_213' title='bbox 1127 1492 1222 1525; x_wconf 82' lang='lat' dir='ltr'>quam</span> 
     </span>
     <span class='ocr_line' id='line_1_30' title="bbox 177 1530 1226 1580; baseline -0.007 -10"><span class='ocrx_word' id='word_1_214' title='bbox 177 1548 221 1570; x_wconf 86' lang='lat' dir='ltr'>ex</span> <span class='ocrx_word' id='word_1_215' title='bbox 253 1538 437 1580; x_wconf 61' lang='lat' dir='ltr'>praeparato</span> <span class='ocrx_word' id='word_1_216' title='bbox 471 1538 528 1568; x_wconf 82' lang='lat' dir='ltr'>aut</span> <span class='ocrx_word' id='word_1_217' title='bbox 552 1537 652 1579; x_wconf 84' lang='lat' dir='ltr'>jussu</span> <span class='ocrx_word' id='word_1_218' title='bbox 684 1535 920 1579; x_wconf 78' lang='lat' dir='ltr'>imperatorum</span> <span class='ocrx_word' id='word_1_219' title='bbox 950 1536 1023 1568; x_wconf 88' lang='lat' dir='ltr'>orto</span> <span class='ocrx_word' id='word_1_220' title='bbox 1056 1530 1226 1574; x_wconf 78' lang='lat' dir='ltr'>haudqua-</span> 
     </span>
     <span class='ocr_line' id='line_1_31' title="bbox 178 1581 1226 1632; baseline -0.004 -12"><span class='ocrx_word' id='word_1_221' title='bbox 178 1599 276 1632; x_wconf 85' lang='lat' dir='ltr'>quam</span> <span class='ocrx_word' id='word_1_222' title='bbox 294 1598 353 1631; x_wconf 90' lang='lat' dir='ltr'>par</span> <span class='ocrx_word' id='word_1_223' title='bbox 370 1586 483 1620; x_wconf 78' lang='lat' dir='ltr'>Poenis</span> <span class='ocrx_word' id='word_1_224' title='bbox 502 1585 671 1620; x_wconf 72' lang='lat' dir='ltr'>dimicatio</span> <span class='ocrx_word' id='word_1_225' title='bbox 690 1584 752 1620; x_wconf 81' lang='lat' dir='ltr'>fuit</span> <span class='ocrx_word' id='word_1_226' title='bbox 768 1599 774 1620; x_wconf 91' lang='lat'>:</span> <span class='ocrx_word' id='word_1_227' title='bbox 801 1585 840 1620; x_wconf 84' lang='lat' dir='ltr'>ad</span> <span class='ocrx_word' id='word_1_228' title='bbox 859 1585 945 1620; x_wconf 88' lang='lat' dir='ltr'>mille</span> <span class='ocrx_word' id='word_1_229' title='bbox 969 1588 1002 1619; x_wconf 87' lang='lat' dir='ltr'>et</span> <span class='ocrx_word' id='word_1_230' title='bbox 1020 1581 1226 1627; x_wconf 77' lang='lat' dir='ltr'>septingenti</span> 
     </span>
     <span class='ocr_line' id='line_1_32' title="bbox 178 1633 1223 1683; baseline -0.005 -11"><span class='ocrx_word' id='word_1_231' title='bbox 178 1638 254 1673; x_wconf 65' lang='lat' dir='ltr'>exesi</span> <span class='ocrx_word' id='word_1_232' title='bbox 272 1650 337 1672; x_wconf 90' lang='lat' dir='ltr'>non</span> <span class='ocrx_word' id='word_1_233' title='bbox 355 1637 429 1683; x_wconf 86' lang='lat' dir='ltr'>plus</span> <span class='ocrx_word' id='word_1_234' title='bbox 448 1640 584 1672; x_wconf 87' lang='lat' dir='ltr'>centum</span> <span class='ocrx_word' id='word_1_235' title='bbox 606 1637 832 1671; x_wconf 78' lang='lat' dir='ltr'>Romanorum</span> <span class='ocrx_word' id='word_1_236' title='bbox 851 1637 1080 1680; x_wconf 86' lang='lat' dir='ltr'>sociorumque</span> <span class='ocrx_word' id='word_1_237' title='bbox 1098 1633 1223 1668; x_wconf 83' lang='lat' dir='ltr'>occisis.</span> 
     </span>
    </p>

    <p class='ocr_par' dir='ltr' id='par_1_7' title="bbox 149 1684 1225 1733">
     <span class='ocr_line' id='line_1_33' title="bbox 149 1684 1225 1733; baseline -0.006 -9"><span class='ocrx_word' id='word_1_238' title='bbox 149 1697 167 1726; x_wconf 88' lang='lat'>2</span> <span class='ocrx_word' id='word_1_239' title='bbox 179 1689 347 1723; x_wconf 79' lang='lat' dir='ltr'>Caeterum</span> <span class='ocrx_word' id='word_1_240' title='bbox 365 1688 548 1723; x_wconf 82' lang='lat' dir='ltr'>victoribus</span> <span class='ocrx_word' id='word_1_241' title='bbox 568 1688 672 1722; x_wconf 82' lang='lat' dir='ltr'>effuse</span> <span class='ocrx_word' id='word_1_242' title='bbox 690 1688 905 1733; x_wconf 81' lang='lat' dir='ltr'>sequentibus</span> <span class='ocrx_word' id='word_1_243' title='bbox 924 1690 1014 1722; x_wconf 88' lang='lat' dir='ltr'>metu</span> <span class='ocrx_word' id='word_1_244' title='bbox 1032 1684 1225 1720; x_wconf 85' lang='lat' dir='ltr'>insidiarum</span> 
     </span>
    </p>

    <p class='ocr_par' dir='ltr' id='par_1_8' title="bbox 177 1736 1225 1785">
     <span class='ocr_line' id='line_1_34' title="bbox 177 1736 1225 1785; baseline -0.005 -10"><span class='ocrx_word' id='word_1_245' title='bbox 177 1740 310 1776; x_wconf 86' lang='lat' dir='ltr'>obstitit</span> <span class='ocrx_word' id='word_1_246' title='bbox 328 1739 453 1775; x_wconf 78' lang='lat' dir='ltr'>Paulus</span> <span class='ocrx_word' id='word_1_247' title='bbox 472 1739 598 1780; x_wconf 87' lang='lat' dir='ltr'>consul,</span> <span class='ocrx_word' id='word_1_248' title='bbox 621 1742 717 1785; x_wconf 85' lang='lat' dir='ltr'>cujus</span> <span class='ocrx_word' id='word_1_249' title='bbox 741 1751 779 1774; x_wconf 91' lang='lat' dir='ltr'>eo</span> <span class='ocrx_word' id='word_1_250' title='bbox 805 1739 981 1774; x_wconf 84' lang='lat' dir='ltr'>die—nam</span> <span class='ocrx_word' id='word_1_251' title='bbox 1005 1736 1140 1772; x_wconf 79' lang='lat' dir='ltr'>alternis</span> <span class='ocrx_word' id='word_1_252' title='bbox 1165 1736 1225 1770; x_wconf 85' lang='lat' dir='ltr'>im-</span> 
     </span>
    </p>
   </div>
  </div>
 </body>
</html>
