1298 1921
184 17 243 47 240
427 15 464 46 T.
489 15 608 46 LIVII
633 16 968 46 HISTORIARUM
1172 59 1185 75 ⁶>

182 89 319 124 vulnere
337 89 518 125 consistere
536 90 571 124 in
587 103 682 125 muro
698 90 933 136 patiebantur:
960 90 1005 131 hi,
1025 58 1228 136 qufflscssartxi‘g

182 140 364 175 missilibus
379 153 462 186 opus
480 144 541 183 est,
557 141 673 187 procul
689 154 783 176 muro
801 142 959 177 tenebant
976 154 1086 177 naves.
1128 143 1149 176 J
1153 155 1229 177 unc-

183 195 227 227 tae
245 192 315 227 aliae
337 191 423 227 binae
448 193 712 238 quinqueremes,
730 192 874 238 demptis
898 193 1112 228 interioribus
1130 194 1228 228 remis

184 247 223 278 ut
246 243 333 278 latus
356 243 454 278 lateri
478 243 713 288 adplicaretur,
735 257 838 290 quum
860 245 1024 279 exteriore
1046 245 1162 279 ordine
1179 257 1230 279 re-

184 307 314 329 morum
331 294 424 329 velut
446 307 513 329 una
537 295 631 329 navis
657 298 847 340 agerentur,
872 299 981 331 turres
999 296 1229 331 contabulatas

153 353 172 383 6
185 346 517 391 machinamentaque
534 346 597 380 alia
614 346 801 392 quatiendis
819 347 921 382 muris
935 347 1122 392 portabant.
1164 347 1230 381 Ad-

185 410 301 432 versus
334 397 423 432 hunc
455 398 608 431 navalem
641 400 839 443 apparatum
879 398 1094 433 Archimedes
1132 399 1231 434 variae

154 452 172 485 7
186 448 425 494 magnitudinis
442 451 610 483 tormenta
626 449 661 483 in
682 449 784 484 muris
803 449 977 495 disposuit.
1027 450 1069 484 ln
1086 462 1140 484 eas
1159 463 1231 496 quae

185 499 304 544 procul
336 504 430 534 erant
463 512 564 535 naves
597 512 676 535 saxa
707 500 837 546 ingenti
869 500 1014 546 pondere
1046 501 1231 542 emittebat,

185 551 356 596 propiores
381 550 559 586 levioribus
583 564 687 597 eoque
709 552 814 597 magis
832 552 955 587 crebris
980 552 1115 597 petebat
1133 552 1231 587 telis:

186 606 367 648 postremQ
384 605 424 637 ut
442 603 493 637 sui
510 602 647 637 vulnere
672 603 790 638 intacti
808 603 875 638 tela
895 603 929 638 in
951 603 1081 638 hostem
1104 603 1239 649 ingere-.

185 657 271 696 rent,
298 666 430 688 murum
456 654 496 689 ab
524 654 589 688 imo
615 654 656 689 ad
681 667 848 689 summum
881 654 1004 690 crebris
1033 654 1233 690 cubitalibus

186 705 256 740 fere
282 705 390 740 caveis
420 707 562 750 aperuit,
594 718 655 750 per
681 719 754 752 quae
781 718 861 741 cava
889 718 966 751 pars
995 706 1128 752 sagittis
1156 718 1232 751 pars

154 765 173 795 8
187 756 417 801 scorpionibus
431 757 570 792 modieis
588 769 629 792 ex
642 757 773 792 occulto
791 757 949 802 petebant
964 758 1104 792 hostem.
1147 758 1233 795 Quae

186 808 323 854 propius
347 808 496 854 quaedam
521 808 678 843 subibant
700 821 801 843 naves
824 821 889 854 quo
912 809 1086 844 interiores
1111 809 1232 844 ictibus

186 862 430 894 tormentorum
463 862 584 903 essent,
617 860 651 894 111
683 872 738 894 eas
771 860 937 895 tollenone
970 873 1069 906 super
1100 873 1233 895 murum

186 911 354 946 eminente
377 911 484 946 ferrea
505 924 623 945 manus
648 911 751 945 firmze
769 914 894 946 eatenae
916 911 1042 957 illigata
1059 923 1162 956 quum
1183 912 1233 946 in-

181 963 275 1007 jecta
291 974 397 1008 prorae
414 965 503 997 esset
521 962 679 1009 gravique
701 962 899 997 h'bramento
919 962 1045 1008 plumbi
1061 962 1233 997 recelleret

186 1013 229 1048 ad
246 1014 362 1056 solum,
389 1026 552 1059 suspensa
576 1025 675 1059 prora
696 1026 813 1048 navem
836 1014 870 1048 iu
893 1014 1030 1059 puppim
1053 1013 1233 1057 statuebat,

187 1064 263 1100 dein
289 1065 427 1100 remissa
456 1065 567 1099 subito
600 1065 692 1100 velut
721 1077 762 1099 cx
790 1077 885 1099 muro
914 1064 1087 1100 cadentem
1115 1077 1233 1099 navem

186 1128 262 1151 cum
280 1116 411 1161 ingenti
427 1116 650 1161 trepidatione
672 1120 849 1151 nautarum
869 1116 916 1151 ita
936 1116 1033 1151 undae
1056 1115 1234 1162 adfligebat

186 1170 235 1210 ut,
255 1168 355 1203 etiam
373 1168 401 1202 si
418 1171 510 1203 recta
526 1167 700 1209 reciderat,
719 1168 923 1213 aliquantum
949 1180 1041 1213 aquae
1058 1168 1232 1213 acciperet.

155 1225 173 1254 9
187 1219 243 1254 Ita
259 1219 425 1254 maritima
442 1220 649 1265 oppugnatio
667 1222 718 1254 est
742 1219 842 1262 elusa,
860 1219 1032 1265 omnisque
1049 1231 1126 1264 spes
1144 1218 1185 1253 ad
1200 1219 1235 1254 id

133 1277 172 1306 10
187 1283 282 1306 versa
313 1274 352 1306 ut
384 1271 466 1306 totis
498 1271 624 1306 viribus
657 1274 747 1305 terra
778 1270 1049 1316 adgrederentur.
1100 1270 1165 1305 Sed
1197 1283 1236 1305 ea

187 1334 319 1368 quoque
346 1334 422 1368 pars
452 1323 567 1357 eodem
597 1323 686 1356 omni
719 1325 881 1368 apparatu
913 1324 1156 1356 tormentorum
1188 1323 1234 1356 in—

187 1376 317 1408 structa
349 1376 430 1415 erat,
465 1373 625 1408 Hieronis
658 1373 816 1419 impensis
849 1385 993 1418 curaque
1022 1386 1082 1418 per
1112 1373 1235 1408 multos

135 1430 170 1460 11
187 1437 302 1466 anuos,
321 1425 530 1460 Archimedis
548 1425 646 1460 unica
659 1429 740 1460 arte.
790 1425 923 1459 Natura
939 1424 1039 1459 etiam
1057 1424 1235 1470 adjuvabat

186 1476 260 1518 loci,
278 1476 368 1522 quod
390 1489 518 1520 saxum,
542 1477 596 1512 cui
621 1477 777 1522 imposita
798 1476 885 1511 muri
908 1476 1124 1511 fundamenta
1147 1483 1234 1518 suut,

186 1540 309 1573 magna
341 1531 436 1573 parte
469 1528 516 1562 ita
548 1528 695 1573 proclive
728 1530 791 1569 est,
826 1531 864 1562 ut
896 1540 965 1562 nou
997 1527 1103 1562 solum
1135 1529 1236 1563 missa

187 1581 355 1614 tormento
374 1579 431 1614 sed
449 1580 561 1620 etiam,
579 1592 652 1626 quae
670 1579 815 1625 pondere
838 1592 898 1613 suo
921 1579 1096 1624 provoluta
1112 1583 1233 1621 essent,

187 1630 335 1676 graviter
351 1630 386 1665 in
403 1630 533 1665 hostem
551 1630 736 1665 inciderent
753 1644 759 1665 ε
786 1630 899 1665 eadem
917 1643 1017 1665 causa
1033 1630 1073 1665 ad
1091 1630 1235 1665 subeun-

187 1681 267 1716 dum
285 1681 425 1716 arduum
439 1682 567 1717 aditum
581 1682 837 1728 instabilemque
850 1682 1038 1727 ingressum
1055 1681 1233 1727 praebebat.
