1298 1921
408 39 500 70 LIB.
524 37 621 69 XXI.
654 38 790 68 18—20.
1080 33 1117 62 19

77 83 110 109 A.
123 83 151 107 c.
165 81 234 112 ma]

76 118 208 150 tantum
225 126 266 149 ne
284 113 607 159 Carthaginiensium
626 110 704 145 socii
723 111 782 144 aut
800 107 1059 143 sollicitarentur
1075 104 1116 141 ad

76 166 305 208 defectionem,
323 167 382 199 aut
399 176 461 199 sua
478 166 595 209 sponte
613 161 834 197 desciscentes
851 159 1088 203 reciperentur.

120 217 243 263 Legati
268 215 412 251 Romani
437 215 477 250 ab
498 213 710 259 Carthagine,
737 211 836 246 sicuti
858 210 897 245 iis
923 210 1039 244 Romae
1059 207 1152 242 ini-4·

75 270 229 314 peratum
246 269 328 309 erat,
344 266 380 301 in
406 265 614 311 Hispaniam,
630 266 669 298 ut
695 263 823 298 adirent
844 261 1006 302 civitates,
1023 262 1061 293 ut
1086 258 1121 292 in

76 319 269 354 societatem
287 317 486 361 perlicerent
509 321 567 351 aut
592 316 780 351 averterent
801 326 821 348 a
844 312 965 353 Poenis,
984 312 1121 355 trajece-

74 373 165 404 runt.
212 369 268 404 Ad
294 368 476 414 Bargusios
503 368 646 413 primum
675 367 851 406 venerunt,
878 376 897 398 a
921 362 1042 408 quibus
1066 360 1152 397 bie-5

73 421 175 465 nigne
193 419 332 465 excepti,
347 419 425 464 quia
440 418 584 453 taedebat
602 417 731 462 imperii
744 415 874 456 Punici,
887 414 1012 448 multos
1030 416 1122 447 trans

76 471 243 506 Hiberum
269 470 408 516 populos
433 469 474 504 ad
503 468 691 515 cupidinem
716 479 810 502 novae
838 466 982 500 sortunae
1011 475 1123 497 erexe-

75 525 167 557 runt.
217 522 301 557 Inde
327 524 378 556 est
402 523 540 555 ventum
560 519 601 554 ad
624 519 812 561 Volcianos,
834 529 973 563 quorum
996 514 1123 549 celebre
1137 520 1155 549 6

75 585 135 618 per
153 572 351 618 Hispaniam
370 584 563 617 responsum
582 575 719 605 caeteros
743 568 885 614 populos
908 567 948 602 ab
966 566 1124 601 societate

76 624 232 659 Romana
264 623 397 658 avertit.
446 623 503 657 Ita
536 622 623 656 euim
654 621 819 656 maximus
845 622 926 653 natu
950 631 994 653 ex
1018 617 1058 652 iis
1090 617 1155 654 in7

77 675 216 710 coneilio
234 673 406 718 respondit
421 689 428 708 :
457 677 477 691 “
489 674 573 711 Quae
592 672 790 708 verecundia
807 674 868 714 cst,
884 669 1034 710 Romani,
1049 681 1126 714 pos-

77 726 185 761 tulare
203 738 261 760 vos
284 725 336 760 uti
358 728 503 760 vestram
527 723 852 769 Carthaginiensium
874 721 1027 756 amicitiae
1044 733 1128 766 pra?-

77 789 251 822 ponamus,
277 789 389 820 quum,
410 776 467 822 qui
486 776 520 810 id
540 776 702 816 fecerunt,
723 773 926 820 Saguntinos
950 772 1126 814 crudelius,

78 840 177 873 quani
202 828 327 863 Poenus
357 828 464 862 hostis
497 826 654 872 prodidit,
680 838 740 860 vos
773 825 853 860 socii
886 823 1126 870 prodideritis?

77 879 123 914 ibi
141 879 297 925 quaeratis
315 879 422 913 socios
446 890 574 920 censeo,
593 877 651 912 ubi
677 877 863 923 Saguntina
887 875 996 911 clades
1010 877 1128 920 ignota

78 932 153 965 est:
180 930 342 976 Hispanis
369 929 500 975 populis
524 929 611 964 sicut
638 928 780 975 lugubre
803 928 851 962 ita
872 927 1003 973 insigne
1027 926 1128 961 docu-

79 985 226 1016 mentum
247 981 390 1027 Sagunti
402 981 506 1015 ruinae
524 982 631 1022 erunt,
647 992 688 1015 ne
706 980 779 1025 quis
797 979 874 1014 fidei
891 979 1050 1013 Romanae
1068 982 1127 1013 aut

80 1032 233 1067 societati
253 1032 431 1067 confidat.''
481 1031 564 1066 Inde
590 1031 756 1076 extemplo
786 1030 876 1065 abire
902 1030 1022 1065 finibus
1049 1029 1160 1065 Vol-3

80 1084 250 1118 cianorum
270 1083 360 1129 jussi
388 1083 429 1118 ab
452 1083 542 1117 nullo
567 1082 686 1118 deinde
711 1082 848 1117 concilio
873 1081 1048 1126 Hispaniae
1074 1081 1129 1116 be-

79 1135 232 1181 nigniora
254 1134 355 1170 verba
371 1134 488 1169 tulere.
537 1135 593 1169 Ita
613 1134 833 1179 nequicquam
855 1136 1033 1179 peragrata
1050 1133 1128 1167 His-

81 1186 179 1232 pania
204 1186 238 1220 in
264 1186 386 1220 Gallias
414 1188 601 1220 transeunt.
664 1187 705 1220 In
729 1185 769 1220 iis
794 1197 880 1219 nova
904 1184 1228 1230 te1·ril>ilisque(20)

81 1239 208 1283 species
226 1237 297 1272 Visa
313 1240 374 1278 est,
400 1237 487 1283 quod
511 1237 627 1271 armati
646 1257 691 1262 —
707 1237 755 1271 ita
776 1249 847 1271 mos
865 1237 977 1281 gentis
995 1239 1066 1271 erat
1082 1256 1128 1261 —

80 1288 115 1323 in
137 1288 315 1323 concilium
342 1291 516 1323 venerunt.
567 1290 675 1330 Quum
703 1287 812 1322 verbis
840 1287 1038 1322 extollentes
1063 1287 1163 1333 glo-2

80 1339 164 1374 riam
181 1340 407 1386 virtutemque
425 1340 543 1384 populi
560 1339 704 1374 Romani
724 1352 762 1374 ac
784 1339 1048 1385 magnitudinem
1070 1339 1130 1373 im-

81 1390 166 1436 perii
197 1391 373 1436 petissent,
398 1403 441 1426 ne
465 1392 571 1426 Poeno
596 1390 719 1426 bellum
744 1391 852 1425 Italiae
883 1390 1041 1425 inferenti
1074 1403 1132 1436 per

81 1454 183 1488 agros
200 1442 366 1488 urbesque
384 1455 462 1477 suas
485 1442 666 1477 transitum
689 1442 816 1484 darent,
835 1445 951 1477 tantus
975 1455 1049 1477 cum
1068 1443 1132 1476 fre-

81 1494 168 1528 mitu
185 1493 272 1528 risus
290 1493 413 1529 dicitur
430 1496 536 1536 ortus,
556 1497 595 1528 ut
617 1494 673 1528 vix
690 1506 709 1528 a
731 1493 983 1540 magistratibus
1000 1494 1132 1539 majori-

81 1544 212 1591 busque
240 1548 323 1579 natu
345 1545 506 1590 juventus
539 1545 732 1580 sedaretur:
759 1545 840 1580 adeo
873 1545 994 1580 stolida
1025 1545 1134 1591 impu-

82 1595 231 1642 densque
264 1596 447 1641 postulatio
479 1596 552 1631 visa
583 1599 645 1639 est,
680 1608 824 1638 censere,
858 1609 900 1632 ne
932 1597 967 1631 in
999 1597 1133 1631 Italiam

81 1647 316 1681 transmittant
335 1647 422 1682 Galli
438 1647 575 1691 bellum,
591 1648 681 1694 ipsos
698 1647 733 1683 id
750 1650 899 1683 avertere
916 1648 951 1682 in
968 1660 1002 1683 se
1020 1660 1134 1694 agros-

82 1710 146 1743 que
163 1710 242 1733 suos
262 1710 323 1744 pro
347 1699 461 1734 alienis
482 1699 691 1744 populandos
714 1699 868 1745 objicere.
917 1699 1040 1734 Sedato
1061 1702 1133 1734 tan-
1146 1711 1164 1740 3

82 1748 156 1784 dem
173 1749 309 1785 fremitu
328 1762 525 1796 responsum
550 1750 670 1797 legatis
694 1753 756 1794 est,
773 1763 881 1797 neque
904 1751 1134 1786 Romanorum
