1298 1921
174 44 233 74 148
426 43 461 73 T.
487 42 605 73 LlVII
632 41 964 73 HISTORIARUM
1056 83 1091 113 [A
1116 83 1136 106 c
1159 82 1207 107 216

169 119 241 162 ejus
259 119 460 160 consecrate,
474 121 512 152 ut
525 117 614 153 hunc
632 118 839 162 triumphum
858 116 898 151 de
916 116 987 151 eive
1002 120 1112 151 vestro
1127 127 1217 160 spee-

137 175 154 204 8
169 169 283 203 tetis?
325 169 410 203 Haec
424 169 625 204 vociferante
643 182 745 215 quum
765 169 889 203 moveri
902 168 1022 213 vulgus
1036 167 1217 210 videretur,

168 220 364 254 obvolutum
382 223 483 265 caput
501 224 551 255 est
569 221 726 266 ociusque
744 221 815 265 rapi
833 224 930 254 extra
947 222 1076 265 portam
1093 218 1216 263 jussus.

137 271 224 305 elta
256 271 291 305 in
323 274 431 306 castra
465 271 669 316 perducitur,
704 271 940 317 extemploque
976 269 1151 315 impositus
1184 269 1218 303 in

168 334 284 356 navem
311 326 344 357 et
368 322 604 368 Carthaginem
629 323 757 366 missus,
781 335 822 357 ne
845 325 939 356 motu
962 321 1072 367 aliquo
1097 321 1217 364 Capum

167 385 208 408 cx
227 373 425 418 indignitate
442 374 490 409 rci
508 381 581 409 orto
599 377 750 409 senatum
768 386 900 419 quoque
917 373 1095 419 poeniteret
1113 371 1217 405 dediti

167 424 336 470 principis,
362 429 396 459 et
424 424 591 470 legatione
617 425 717 460 missa
749 425 790 460 ad
815 423 1035 469 repetendum
1065 435 1141 458 eum
1174 434 1216 456 ne

167 478 225 510 aut
255 476 406 519 negando
436 489 515 518 rem,
542 489 638 522 quam
666 477 802 522 primam
838 478 1002 521 peterent,
1028 473 1217 509 offendendi

167 527 229 561 sibi
258 527 334 561 novi
364 528 452 569 socii,
481 531 540 562 aut
569 528 746 563 tribuendo
776 527 947 563 habendus
976 526 1101 570 Capuae
1128 528 1216 559 esset

115 587 153 616 10
167 577 339 612 seditionis
356 591 393 613 ae
411 579 584 614 turbarum
607 584 733 614 auctor.
782 579 912 614 Navem
931 578 1078 623 Cyrenas
1095 576 1216 610 detulit

115 635 151 665 11
167 632 359 674 tempestas,
378 643 452 676 quae
469 634 540 665 tum
558 631 592 665 in
610 631 735 666 ditione
752 643 869 675 regum
888 633 992 665 erant.
1042 628 1095 662 Ibi
1113 640 1215 673 quum

167 680 303 725 Magius
322 681 362 715 ad
388 686 533 716 statuam
556 682 727 717 Ptolcmaei
752 682 839 727 regis
865 680 1080 726 confugisset,
1099 679 1216 723 depor-

168 735 260 766 tatus
285 744 304 766 a
330 733 524 767 custodibus
548 733 790 768 Alexandream
817 732 856 766 ad
883 732 1111 772 Ptolemaeum,
1136 730 1215 764 dum

168 795 243 817 eum
261 783 428 818 docuisset
446 789 561 819 eontra
573 788 631 830 jus
655 785 786 819 foederis
804 784 953 819 vinctum
973 796 1006 817 se
1024 782 1064 817 ab
1086 781 1216 816 Hanni-

167 834 240 869 bale
263 847 346 876 esse,
372 836 487 870 vinclis
513 836 684 876 liberatur,
714 836 978 881 permissumque
1007 837 1046 868 ut
1080 832 1215 873 rediret,

114 892 152 922 12
167 898 225 920 seu
243 886 383 921 Romam
403 900 461 922 seu
480 887 627 932 Capuam
646 887 767 922 mallet.
817 887 891 921 Nee
909 886 1044 932 Magius
1064 886 1215 930 Capuam

166 937 229 972 sibi
258 940 367 972 tutam
397 938 516 980 dicere,
548 942 582 973 et
611 940 752 974 Romam
782 951 820 973 eo
848 942 1008 983 tempore,
1036 949 1100 982 quo
1126 936 1214 970 inter

166 988 337 1023 Romanos
367 989 620 1036 Campanosque
653 990 775 1025 bellum
809 990 863 1031 sit,
892 989 1074 1034 transfugae
1107 987 1214 1032 magis

166 1052 265 1085 quam
286 1040 428 1086 hospitis
454 1042 523 1076 fore
544 1041 770 1076 domicilium:
804 1053 968 1086 nusquam
991 1039 1088 1074 malle
1114 1051 1214 1083 quam

164 1090 199 1125 in
228 1104 331 1138 regno
357 1095 429 1136 ejus
455 1093 576 1135 vivere,
601 1105 698 1139 quem
723 1091 888 1127 vindicem
917 1095 1018 1137 atque
1043 1093 1213 1125 auctorem

164 1142 286 1177 habeat
303 1143 480 1178 libertatis.

79 1193 152 1235 (11)
226 1194 317 1228 Dum
351 1194 421 1230 haec
453 1197 629 1241 geruntur,
665 1195 702 1237 Q.
724 1194 849 1229 Fabius
882 1194 998 1228 Pictor
1030 1193 1161 1238 legatus
1194 1204 1214 1227 a

163 1245 303 1290 Delphis
326 1246 469 1280 Romam
499 1246 585 1281 redit
613 1258 873 1292 responsumque
903 1257 946 1280 ex
973 1244 1097 1289 scripto
1129 1243 1213 1278 reei-

131 1306 149 1335 2
163 1297 258 1331 tavit.
310 1297 387 1332 Divi
411 1297 561 1344 divaeque
579 1299 612 1332 in
630 1310 668 1332 eo
693 1300 798 1339 erant,
818 1297 939 1343 quibus
957 1307 1090 1341 quoque
1115 1294 1213 1329 modo

163 1347 408 1392 supplicaretur
424 1364 430 1383 :
464 1352 537 1383 tum
557 1353 578 1366 “
590 1349 624 1384 Si
641 1349 690 1384 ita
706 1349 829 1390 faxitis,
849 1347 1002 1389 Romani,
1024 1350 1142 1381 vestrae
1159 1359 1213 1381 res

161 1399 314 1434 meliores
336 1400 568 1446 facilioresque
593 1403 701 1441 erunt,
720 1400 893 1446 magisque
911 1412 952 1434 ex
974 1398 1144 1433 sententia
1160 1410 1213 1432 res

161 1450 296 1495 publica
321 1454 433 1486 vestra
450 1452 543 1486 vobis
569 1451 726 1498 procedet
750 1452 955 1496 victoriaque
977 1450 1077 1485 duelli
1098 1449 1214 1495 populi

128 1510 146 1539 3
163 1502 304 1536 Romani
331 1503 405 1537 erit.
455 1503 578 1549 Pythio
602 1503 749 1549 Apollini
774 1515 809 1537 re
836 1502 969 1548 publica
993 1505 1106 1536 vestra
1129 1500 1214 1536 bene

161 1556 259 1597 gesta
287 1557 485 1599 servataque
511 1554 612 1589 lucris
642 1554 769 1589 meritis
804 1553 927 1588 donum
956 1553 1130 1594 mittitote,
1157 1551 1214 1586 de-

160 1616 225 1649 que
248 1604 360 1649 praeda
383 1605 548 1640 manubiis
571 1606 750 1652 spoliisque
775 1605 934 1640 honorem
960 1604 1128 1646 habetote,
1150 1603 1213 1638 las-

121 1660 141 1689 4
159 1655 276 1690 civiam
289 1668 308 1690 a
319 1656 412 1690 vobis
427 1657 672 1701 prohibetotc.''
722 1657 806 1692 Haec
818 1657 874 1692 ubi
887 1669 927 1692 ex
940 1657 1055 1691 Graeco
1066 1655 1211 1690 carmine

158 1706 384 1751 interpretata
414 1708 577 1750 recitavit,
607 1712 680 1743 tum
710 1708 794 1743 dixit
820 1721 855 1743 se
880 1708 1014 1743 oraculo
1039 1719 1211 1753 egressum

158 1758 332 1804 extemplo
354 1759 395 1795 iis
420 1760 574 1795 omnibus
600 1760 684 1795 divis
710 1773 779 1795 rem
800 1759 945 1794 divinam
963 1759 1062 1794 thure
1080 1770 1118 1793 ac
1134 1758 1211 1793 vino
