1298 1921
186 56 249 86 226
442 54 478 85 T.
504 54 623 85 LIVII
649 55 979 86 HISTORIARUM
1075 98 1111 129 [Α
1137 98 1156 122 C
1180 97 1227 122 214

187 129 335 164 sessione
360 141 489 175 magnae
510 129 664 172 fortunae,
688 129 797 164 facere
817 132 852 165 et
876 142 993 176 parare
1018 143 1088 165 eam
1108 131 1237 166 difficile

188 184 290 227 atque
307 181 446 215 arduum
466 193 556 216 esse:
584 181 729 226 spatium
749 185 895 216 sumeret
918 181 960 216 ad
980 182 1235 217 consultandum

189 232 230 267 ab
247 232 386 278 legatis:
413 244 452 267 eo
469 235 623 267 uteretur
640 231 680 266 ad
698 233 912 267 arcessendos
930 245 971 267 ex
988 233 1163 268 Leontinis
1181 234 1239 268 mi-

188 283 277 325 lites,
295 283 416 329 quibus
434 283 462 318 si
479 283 655 329 pecuniam
677 284 803 329 regiam
826 284 993 329 pollicitus
1010 289 1109 326 esset,
1130 285 1240 319 onmia

161 334 223 373 7in
240 337 408 380 potestate
433 336 506 379 ejus
532 335 657 370 futura.
699 335 783 369 Haec
806 335 981 370 muliebria
1006 335 1146 370 consilia
1170 337 1240 370 An-

189 385 395 420 dranodorus
418 398 526 431 neque
548 389 623 420 tota
645 389 842 432 aspernatus
864 389 915 420 est
938 399 1047 432 neque
1070 389 1239 433 extemplo

189 437 328 482 accepit,
347 437 506 471 tutiorem
531 437 573 471 ad
590 449 669 482 opes
693 437 908 472 adfectandas
931 441 1024 472 ratus
1049 450 1123 473 esse
1140 439 1237 480 viam,

190 489 217 522 si
235 488 269 522 in
286 488 464 533 praesentia
480 489 623 534 tempori
640 489 795 523 cessisset
811 504 818 523 ι
844 489 957 534 itaque
976 489 1102 534 legatos
1119 502 1240 524 renun-

188 540 273 574 tiare
289 539 401 585 jussit,
422 540 572 574 futurum
595 552 630 575 sc
653 540 687 574 in
710 543 846 574 senatus
870 552 907 575 ac
930 540 1043 585 populi
1060 544 1237 586 potestate.

161 591 332 625 8Postero
366 590 419 625 die
451 591 526 625 luce
559 591 667 636 prima
700 591 876 637 patefactis
909 591 1034 626 Insulae
1066 592 1172 637 portis
1205 592 1239 626 in

160 643 301 677 9f01·u1n
328 641 525 678 Achradinae
549 643 650 677 venit.
701 643 755 677 Ibi
785 643 820 677 in
850 655 939 677 aram
969 642 1168 684 Concordiae,
1199 655 1239 677 ex

190 705 255 738 qna
280 693 383 739 pridie
402 693 577 739 Polyaenus
601 694 816 728 concionatus
839 696 922 735 erat,
941 693 1090 728 escendit
1113 694 1237 728 oratio-

189 756 335 790 nemque
359 757 431 779 eam
456 757 552 779 orsus
575 748 636 787 est,
662 758 727 791 qua
751 745 894 790 primum
920 745 1144 780 cunctationis
1170 757 1237 780 suae

189 796 318 830 veniam
345 796 486 841 petivit:
523 809 557 831 se
580 796 667 831 enim
697 796 825 831 clausas
851 796 1007 831 habuisse
1032 799 1145 842 portas
1172 809 1239 831 non

188 850 398 892 separantem
425 860 503 882 suas
526 860 578 882 res
597 860 616 881 a
633 847 785 893 publicis,
813 847 870 882 sed
893 847 1020 882 strictis
1044 847 1147 882 semel
1170 847 1240 893 gla-

188 897 251 932 diis
273 898 457 940 timentem,
477 899 533 944 qni
558 899 633 933 finis
658 898 803 934 caedibus
828 903 917 933 esset
944 899 1089 942 futurus,
1112 902 1237 940 utrum,

189 949 278 995 quod
296 950 378 984 satis
395 949 560 985 libertatis
578 950 675 992 foret,
695 951 845 985 contenti
862 962 942 985 nece
965 950 1098 995 tyranni
1115 953 1238 992 essent,

188 1013 242 1042 an,
262 1001 463 1047 quicumque
481 1004 539 1036 aut
565 1001 816 1047 propinquitate
842 1004 899 1036 aut
918 1001 1090 1036 adfinitate
1107 1005 1165 1035 aut
1183 1001 1241 1035 ali·

189 1052 310 1098 quibus
328 1053 522 1087 ministeriis
544 1053 669 1099 regiam
688 1052 920 1099 contigissent,
940 1052 1053 1088 alienae
1071 1052 1175 1097 culpae
1193 1053 1240 1087 rei

188 1103 463 1139 trucidarentur:
489 1107 666 1150 postquam
690 1104 965 1139 animadverterit
988 1116 1055 1146 eOS‚
1081 1104 1138 1149 qui
1160 1103 1240 1138 libe-

188 1156 321 1190 rfissent
349 1156 501 1201 patriam,
528 1168 660 1191 servare
689 1156 790 1190 etiam
818 1155 993 1191 liberatam
1023 1155 1106 1190 velle
1139 1158 1240 1200 atque

189 1207 338 1252 undique
356 1207 484 1242 consuli
500 1207 536 1242 in
557 1207 714 1248 medium,
734 1219 800 1242 non
824 1207 997 1242 dubitasse
1020 1207 1101 1252 quin
1118 1209 1152 1241 et
1170 1218 1241 1241 cor-

190 1270 253 1304 pus
287 1271 385 1293 suum
410 1262 444 1293 et
472 1261 594 1294 caetera
618 1258 729 1293 onmia
753 1271 826 1304 quae
856 1271 924 1293 sure
953 1258 1029 1293 fidei
1057 1257 1241 1303 tutelaeque

189 1312 312 1352 essent,
328 1310 483 1356 quoniam
502 1322 577 1344 eum
596 1310 653 1355 qui
670 1309 860 1344 mandfisset
878 1322 959 1344 suus
977 1309 1071 1344 furor
1088 1308 1241 1354 absump-

189 1361 301 1404 sisset,
320 1361 436 1406 patriae
453 1361 648 1397 restitueret
662 1377 668 1396 :
695 1373 876 1396 conversus
890 1360 1009 1396 deinde
1027 1360 1069 1395 ad
1085 1360 1242 1395 interfec-

190 1414 282 1447 tores
300 1413 434 1459 tyranni
452 1425 489 1448 ac
506 1413 639 1448 nomine
665 1412 833 1458 appellans
851 1412 1062 1447 Theodotum
1079 1423 1117 1447 ac
1136 1411 1242 1454 Sosin,

192 1466 214 1481 ‘⁶
232 1464 397 1499 Facinus2’
415 1464 525 1509 inquit
545 1464 789 1499 “memorabile
812 1463 959 1498 fecistis:
987 1463 1045 1498 sed
1069 1463 1150 1498 mihi
1172 1475 1243 1497 cre·

192 1514 272 1557 dite,
288 1515 444 1550 inchoata
459 1519 572 1550 vestra
585 1515 691 1561 gloria
706 1515 854 1550 nondum
871 1515 1021 1561 perfecta
1037 1517 1098 1554 est,
1114 1514 1243 1560 pericu-

191 1566 328 1612 lumque
346 1567 464 1613 ingens
482 1570 604 1609 manet,
623 1567 687 1601 nisi
705 1567 778 1613 paci
802 1569 836 1601 et
854 1566 1038 1601 concordiae
1056 1565 1241 1606 consulitis,

100 1620 235 1662 (23)ne
260 1618 364 1653 libera
388 1619 547 1653 efferatur
571 1619 658 1653 rcs.’'
709 1619 792 1653 Post
817 1618 902 1653 hane
926 1618 1110 1653 orationem
1134 1617 1243 1651 claves

193 1672 366 1715 portarum
390 1670 606 1716 pecuniaeque
629 1670 729 1715 regine
754 1672 832 1704 ante
855 1669 956 1715 pedes
980 1681 1093 1704 eorum
1117 1668 1240 1713 posuit.

162 1722 308 1768 2Atque
332 1721 389 1756 illo
415 1721 548 1767 quidem
574 1721 627 1756 die
653 1721 782 1756 dimissi
810 1733 851 1756 ex
877 1721 1035 1756 concione
1063 1719 1132 1755 laeti
1157 1719 1245 1754 circa

192 1772 271 1807 fana
299 1773 411 1808 omnia
438 1772 537 1808 desim
566 1772 840 1818 supplicaverunt
867 1784 943 1807 cum
973 1770 1172 1818 conjugibus
1206 1782 1244 1804 ac
1285 1785 1287 1793 ¹
