1298 1921
422 41 510 73 LIB.
534 41 632 73 XXI.
653 43 791 73 41-43,
1069 43 1110 72 43

59 85 94 110 A.
107 85 137 109 c.
151 83 223 117 218]

60 117 114 153 hic
130 116 326 152 vincendum
345 119 403 153 aut
426 117 642 160 moriendum,
659 116 792 159 milites,
809 117 871 160 est,
888 114 946 151 ubi
963 114 1105 161 primum

59 168 147 203 hosti
164 168 367 203 occurristis.
416 169 462 204 Et
479 168 592 204 eadem
614 168 757 209 fortuna,
777 179 850 213 quae
872 166 1106 202 necessitatem
1120 169 1140 198 4

58 218 229 266 pugnandi
256 219 425 265 imposuit,
455 219 592 265 praemia
620 218 714 254 vobis
746 231 786 254 ea
817 217 1002 253 victoribus
1035 230 1109 263 pro-

58 270 163 316 ponit,
195 270 316 316 quibus
349 271 509 317 amphora
540 270 691 305 homines
723 282 766 304 ne
799 269 840 305 ab
873 269 936 304 diis
974 269 1108 315 quidem

58 321 302 357 immortalibus
333 325 450 368 optare
483 322 601 358 solent.
653 322 687 357 Si
720 321 865 356 Siciliam
902 323 1037 356 tantum
1070 326 1138 356 ac5

60 372 245 408 Sardiniam
278 374 472 419 parentibus
503 373 628 408 nostris
661 375 793 418 ereptas
825 375 943 407 nostra
978 372 1108 407 virtute

58 425 287 469 recuperaturi
303 437 463 467 essemus,
482 425 563 460 satis
580 428 693 459 tamen
711 424 820 470 ampla
843 423 951 470 pretia
972 426 1106 458 essent:

59 475 219 522 quidquid
246 476 389 511 Romani
410 480 462 512 tot
485 476 663 522 triumphis
689 480 821 521 partum
845 478 1109 521 congestumque

58 527 240 573 possident,
257 527 292 562 id
309 540 405 563 omne
422 531 571 563 vestrum
597 540 672 563 cum
688 527 769 573 ipsis
793 527 934 562 dominis
959 527 1109 561 futurum

59 581 120 613 est.
170 579 213 613 In
236 579 322 614 hano
346 582 415 614 tam
439 580 581 625 opimam
610 578 795 614 mercedem
824 579 914 624 agite
943 590 1019 613 cum
1048 578 1140 613 diis6

58 628 143 665 bene
173 630 371 676 juvantibus
398 643 489 665 arma
513 631 635 676 capite.
686 631 775 665 Satis
805 630 915 664 adhuc
945 629 981 664 in
1004 629 1141 665 vastis7

58 680 243 717 Lusitaniae
268 682 524 727 Celtiberiaeque
549 681 719 717 montibus
744 693 865 727 pecora
888 681 1111 716 consectando

58 732 188 767 nullum
205 733 466 768 emolumentum
487 737 540 768 tot
557 733 708 768 laborum
731 732 1022 778 periculorumque
1039 745 1108 767 ves-

57 786 188 819 trorum
211 784 363 820 vidistis:
388 787 522 830 tempus
543 788 594 820 est
615 785 682 831 jam
706 784 866 830 opulenta
886 796 945 819 vos
968 796 1006 819 ac
1029 783 1112 819 ditia

59 834 227 880 stipendia
244 835 351 871 facere
368 838 402 871 et
422 848 544 882 magna
565 848 674 882 operae
698 839 806 882 pretia
829 835 958 877 mereri,
977 838 1112 870 tantum

58 886 188 922 itineris
204 899 264 933 per
280 890 333 922 tot
350 890 481 922 montes
495 887 698 933 fluminaque
711 890 745 922 et
763 890 815 921 tot
829 890 972 922 armatas
990 890 1111 933 gentes

59 950 222 973 emensos.
271 939 340 974 Hic
362 938 456 974 vobis
479 938 660 974 terminum
676 937 831 973 laborum
848 938 985 973 fortuna
1007 937 1108 980 dedit,
1123 946 1142 975 8

59 989 114 1025 hic
138 989 272 1036 dignam
296 989 482 1025 mercedem
507 990 654 1025 emeritis
684 990 859 1036 stipendiis
885 989 987 1025 dabit.
1036 990 1112 1026 Nec

60 1053 159 1087 quam
184 1041 297 1087 magni
321 1042 463 1076 nominis
487 1041 609 1077 bellum
633 1044 693 1083 est,
718 1046 788 1076 tam
811 1041 972 1076 difficilem
997 1041 1112 1076 existi-

59 1093 188 1128 maritis
220 1093 393 1128 victoriam
427 1093 518 1128 fore:
567 1105 654 1139 saepe
687 1095 721 1128 et
753 1096 966 1139 contemptus
1003 1092 1111 1128 hostis

60 1147 236 1179 cruentum
265 1148 434 1179 certamen
459 1144 573 1186 edidit,
602 1147 636 1179 et
662 1144 779 1191 inclyti
805 1144 923 1190 populi
948 1157 1111 1191 regesque

59 1195 184 1241 perlevi
216 1200 385 1231 momento
418 1196 498 1231 victi
531 1198 630 1231 sunt:
671 1208 747 1230 nam
782 1195 917 1242 dempto
949 1196 1012 1231 hoo
1043 1209 1112 1231 uno

58 1247 190 1293 fulgore
207 1248 348 1282 nominis
371 1247 516 1282 Romani
533 1247 613 1293 quid
636 1250 687 1282 est
711 1260 770 1282 cur
792 1247 840 1282 illi
863 1247 957 1282 vobis
979 1259 1112 1293 compa-

0 1330 1 1341 ,
58 1299 154 1334 randi
178 1299 273 1334 sint?
298 1302 337 1334 ut
359 1299 480 1344 viginti
505 1311 667 1334 annorum
690 1299 841 1334 militiam
864 1301 1009 1334 vestram
1035 1311 1112 1334 cum

0 1350 1 1357 ¹
58 1350 115 1385 illa
131 1351 257 1385 virtute
273 1363 349 1385 cum
367 1350 422 1385 illa
438 1350 574 1385 fortuna
590 1356 727 1393 taceam,
746 1350 786 1385 ab
804 1350 963 1386 Herculis
986 1350 1112 1385 colum-

58 1402 110 1436 nis
144 1401 184 1437 ab
213 1402 347 1437 Oceano
375 1401 593 1448 terminisque
622 1402 749 1437 ultimis
777 1405 943 1437 terrarum
971 1414 1032 1448 per
1059 1404 1112 1437 tot

59 1453 280 1488 ferocissimos
297 1453 473 1498 Hispaniae
497 1456 531 1487 et
555 1453 670 1488 Ganiae
687 1453 826 1499 populos
849 1454 1021 1488 vincentes
1045 1453 1112 1489 huc

58 1504 278 1550 pervenistis:
305 1504 499 1551 pugnabitis
525 1517 601 1539 cum
630 1506 780 1540 exercitu
805 1506 924 1547 tirone,
950 1505 1013 1541 hac
1036 1506 1112 1550 ipsa

58 1559 176 1591 aestate
200 1568 285 1591 caeso
308 1556 398 1591 victo
426 1556 645 1592 circumsesso
674 1569 694 1592 a
720 1557 833 1599 Gallis,
860 1557 976 1604 ignoto
1001 1557 1110 1592 adhue

58 1607 135 1642 duci
168 1620 229 1642 suo
260 1607 494 1653 ignorantique
527 1607 654 1643 ducem.
714 1610 770 1644 An
801 1621 854 1644 me
886 1609 921 1644 in
953 1611 1138 1654 praetori09

57 1659 163 1705 patris
188 1659 362 1694 clarissimi
385 1659 594 1704 imperatoris
617 1673 721 1707 prope
745 1664 872 1703 natum,
896 1664 986 1696 certe
1011 1661 1109 1698 educ-

57 1712 141 1753 tum,
161 1710 357 1746 domitorem
374 1710 549 1756 Hispaniae
571 1711 761 1759 Galliaeque,
782 1713 942 1748 victorem
966 1713 1109 1750 eundem

57 1774 125 1797 non
141 1763 340 1809 Alpinarum
352 1762 450 1798 modo
464 1763 617 1808 gentium
634 1764 693 1800 sed
703 1765 989 1814 ipsarum—quod
1002 1768 1109 1804 multo
