1298 1921
163 45 221 73 188
404 44 439 74 T.
465 44 583 74 LIVII
610 44 944 75 HISTORIARUM
1149 86 1163 101 ἢ
1184 88 1195 94 -

129 124 147 152 2
162 130 225 163 que
251 119 322 162 ejus
347 117 437 152 haud
466 117 565 153 dubie
590 119 750 154 conciter.
799 119 873 154 Nec
903 86 1089 154 Sardorulii
1104 87 1207 154 fluelcns

162 169 271 204 miuus
290 169 433 203 nobilem
451 181 523 204 eam
541 183 687 215 pugnam
706 170 854 206 cladibus
872 171 940 206 suis
955 171 1116 214 fecerunt,
1133 183 1209 205 nain

162 226 196 255 et
215 221 300 255 filius
327 221 557 266 Hampsicora:
576 222 719 256 Hostius
738 223 771 256 in
788 223 857 257 acie
880 222 1007 262 cecidit,
1025 226 1058 257 et
1082 223 1210 267 Hamp-

162 273 270 307 sicora
292 284 368 307 cuin
391 272 504 317 paucis
528 273 695 317 equitibus
719 274 860 319 fugiens,
879 278 918 308 ut
941 286 1040 318 super
1061 273 1210 307 adflictas

162 336 215 358 res
233 335 345 358 necem
366 336 497 369 quoque
516 323 573 358 filii
590 323 726 367 audivit,
744 328 851 366 nocte,
870 338 912 359 ne
929 325 1023 369 eujus
1044 325 1211 359 interven-

131 378 219 409 3tus
245 378 355 420 coepta
383 374 569 420 impediret,
596 379 736 410 mortem
763 376 825 410 sibi
853 376 1023 411 conscivit.
1073 376 1210 410 Caeteris

162 425 242 460 urbs
267 426 397 460 Cornus
423 425 537 460 eadem
560 439 632 471 quae
653 430 730 461 aute
754 427 841 473 fugae
866 427 1109 472 receptaculum
1135 427 1210 468 fuit,

164 490 262 523 quain
295 477 444 512 Manlius
478 478 603 512 victore
636 479 788 513 exercitu
821 478 997 523 adgressus
1026 479 1114 512 intra
1142 479 1211 512 (lies

131 535 288 574 4paucos
314 529 450 574 recepit.
500 529 628 564 Deinde
652 530 722 564 alim
740 543 871 575 quoque
898 530 1059 572 civitates,
1077 542 1148 574 quae
1172 529 1213 564 ad

164 580 421 625 Hampsicoram
439 581 629 625 Poenosque
647 581 848 623 defecerant,
867 581 1037 616 obsidibus
1055 581 1140 615 datis
1158 581 1213 615 de-

164 631 321 666 diderunt
347 644 431 673 sese,
457 632 576 677 quibus
601 633 766 678 stipendio
792 634 1025 678 srumentmpie
1050 633 1214 677 imperato

163 695 224 728 pro
249 686 412 728 cujusque
431 687 488 718 aut
509 684 634 718 viribus
654 688 711 719 aut
733 684 853 719 delicto
873 684 1005 719 Carales
1031 684 1214 718 exercitum

133 741 150 769 5
165 735 310 770 reduxit.
361 735 413 770 Ibi
428 736 566 770 navibus
587 736 691 780 longis
704 736 854 771 deductis
872 737 1102 782 impositoque,
1117 748 1215 781 quem

164 799 278 822 secum
298 787 490 826 advexerat,
508 787 611 822 milite
640 788 779 822 Romam
803 788 939 832 navigat
965 787 1214 832 Sardiniamque

163 838 384 883 perdomitam
398 838 531 872 nuntiat
546 838 708 884 patribus,
722 842 755 873 et
767 839 969 884 stipendium
983 838 1212 884 qrammi-ibus,

163 890 369 924 frumentum
386 890 546 931 aedilibus,
566 891 715 935 captivos
734 891 772 932 Q.
793 891 910 925 Fulvio
929 890 1061 936 praetori
1079 890 1191 924 tradit.

133 944 150 972 6
211 941 277 976 Per
309 941 395 976 idem
428 944 563 985 tempus
596 941 635 975 T.
654 942 818 976 Otacilius
852 944 974 987 praetor
1003 941 1043 975 ab
1069 940 1214 986 Lilybseo

165 993 262 1027 classi
291 993 326 1027 in
354 992 504 1027 Africani
538 995 750 1027 transvectus
780 992 1068 1038 depopulatusque
1098 1004 1215 1037 agrum

166 1044 478 1090 Carthaginiensem
512 1056 614 1089 quum
650 1044 835 1078 Sardiniam
868 1043 945 1078 inde
978 1046 1118 1089 peteret,
1149 1055 1215 1088 quo
1258 1065 1262 1072 «-

165 1095 253 1130 fama
277 1098 349 1130 erat
372 1094 620 1130 Hasdrubalem
645 1108 663 1129 a
688 1095 881 1129 Balearibus
904 1107 1010 1140 nuper
1034 1094 1216 1139 trajecisse,

166 1147 263 1181 classi
287 1147 435 1181 Africam
459 1147 626 1191 repetenti
650 1146 807 1187 occurrit,
825 1146 955 1191 levique
979 1146 1159 1180 certamine
1182 1146 1216 1179 in

167 1198 234 1233 alto
253 1198 428 1233 commisso
446 1201 574 1243 septem
599 1197 676 1231 inde
698 1210 799 1232 naves
825 1210 899 1232 cum
922 1197 1019 1231 sociis
1044 1196 1216 1231 navalibus

167 1250 276 1294 cepit:
303 1252 440 1284 caeteras
464 1252 573 1283 metus
593 1248 681 1283 haud
706 1261 802 1283 secus
829 1261 927 1293 quam
946 1252 1127 1293 tempestas
1146 1260 1217 1293 pas-

136 1302 229 1338 7sim
251 1298 393 1345 disjecit.
443 1301 509 1335 Per
535 1300 667 1335 eosdem
694 1300 780 1335 forte
806 1300 875 1334 dies
899 1303 934 1334 et
952 1299 1117 1334 Bomilcar
1142 1311 1217 1334 cuin

168 1352 330 1387 militibus
349 1351 389 1386 ad
407 1351 677 1396 supplementum
703 1351 908 1396 Carthagine
931 1350 1041 1384 missis
1064 1350 1218 1395 elephan-

168 1404 279 1448 tisque
297 1407 331 1438 et
349 1406 535 1438 commeatu
550 1402 675 1436 Locros
690 1403 829 1437 accessit
844 1417 849 1436 :
878 1414 975 1447 quem
990 1404 1028 1436 ut
1046 1401 1219 1435 incautum

168 1455 381 1500 opprimeret,
401 1455 487 1498 App.
510 1453 669 1488 Claudius
695 1465 755 1498 per
778 1453 1023 1488 simulationem
1041 1452 1218 1498 provincizc

169 1505 414 1541 circumeuudae
431 1506 623 1539 Messanam
641 1505 762 1549 raptim
781 1505 931 1539 exercitu
949 1503 1049 1538 ducto
1067 1506 1218 1547 aestuque

137 1566 155 1594 8
170 1569 229 1592 suo
248 1558 373 1591 Locros
391 1557 534 1601 trajecit.
584 1556 660 1590 Jam
678 1556 753 1590 inde
770 1556 938 1590 Bomilcar
958 1555 999 1589 ad
1020 1556 1219 1588 Hannonem

168 1609 203 1643 in
221 1608 375 1642 Bruttios
395 1608 564 1653 profectus
583 1610 654 1641 erat
672 1611 705 1641 et
723 1607 909 1642 Locrenses
930 1609 1042 1651 portas
1057 1605 1217 1640 Romanis

170 1660 381 1694 clauserunt:
410 1659 539 1704 Appius
557 1671 676 1704 magno
701 1667 822 1693 conatu
848 1658 940 1692 nulla
962 1669 997 1692 re
1014 1661 1110 1703 gesta
1127 1657 1219 1690 Mes-

170 1719 284 1741 sanam
302 1706 435 1751 repetit.

136 1767 155 1797 9
217 1757 343 1793 Eadem
376 1759 493 1792 aestatc
524 1756 703 1791 Marcellus
732 1755 774 1791 ab
804 1755 901 1798 Nola7
933 1767 1029 1800 quam
1064 1753 1219 1798 pracsidio
