<?xml version="1.0" encoding="UTF-8"?>
<!DOCTYPE html PUBLIC "-//W3C//DTD XHTML 1.0 Transitional//EN"
    "http://www.w3.org/TR/xhtml1/DTD/xhtml1-transitional.dtd">
<html xmlns="http://www.w3.org/1999/xhtml" xml:lang="en" lang="en">
 <head>
  <title>
</title>
<meta http-equiv="Content-Type" content="text/html;charset=utf-8" />
  <meta name='ocr-system' content='tesseract 3.04.00' />
  <meta name='ocr-capabilities' content='ocr_page ocr_carea ocr_par ocr_line ocrx_word'/>
</head>
<body>
  <div class='ocr_page' id='page_1' title='image "./booksxxixxivwith00livyuoft_0169.png"; bbox 0 0 1298 1921; ppageno 0'>
   <div class='ocr_carea' id='block_1_1' title="bbox 85 20 1141 144">
    <p class='ocr_par' dir='ltr' id='par_1_1' title="bbox 85 20 1141 144">
     <span class='ocr_line' id='line_1_1' title="bbox 421 20 1140 53; baseline -0.001 -1"><span class='ocrx_word' id='word_1_1' title='bbox 421 22 512 53; x_wconf 88' lang='lat' dir='ltr'>LIB.</span> <span class='ocrx_word' id='word_1_2' title='bbox 537 22 672 52; x_wconf 85' lang='lat' dir='ltr'>XXIII.</span> <span class='ocrx_word' id='word_1_3' title='bbox 691 23 806 52; x_wconf 80' lang='lat'>8-10.</span> <span class='ocrx_word' id='word_1_4' title='bbox 1081 20 1140 52; x_wconf 80' lang='lat'><strong>147</strong></span> 
     </span>
     <span class='ocr_line' id='line_1_2' title="bbox 85 64 1141 144; baseline -0.004 -11"><span class='ocrx_word' id='word_1_5' title='bbox 85 64 316 144; x_wconf 41' lang='lat' dir='ltr'><strong>aitiiilttiiam</strong></span> <span class='ocrx_word' id='word_1_6' title='bbox 342 96 437 132; x_wconf 86' lang='lat' dir='ltr'><strong>doleo</strong></span> <span class='ocrx_word' id='word_1_7' title='bbox 462 97 578 139; x_wconf 86' lang='lat' dir='ltr'><strong>vicem,</strong></span> <span class='ocrx_word' id='word_1_8' title='bbox 605 96 656 131; x_wconf 87' lang='lat' dir='ltr'><strong>cni</strong></span> <span class='ocrx_word' id='word_1_9' title='bbox 684 99 736 131; x_wconf 83' lang='lat' dir='ltr'><strong>ter</strong></span> <span class='ocrx_word' id='word_1_10' title='bbox 761 94 900 141; x_wconf 84' lang='lat' dir='ltr'><strong>proditae</strong></span> <span class='ocrx_word' id='word_1_11' title='bbox 926 94 1043 140; x_wconf 61' lang='lat' dir='ltr'><strong>patriae</strong></span> <span class='ocrx_word' id='word_1_12' title='bbox 1067 106 1141 129; x_wconf 86' lang='lat' dir='ltr'><strong>sus-</strong></span> 
     </span>
    </p>
   </div>
   <div class='ocr_carea' id='block_1_2' title="bbox 75 144 1227 1782">
    <p class='ocr_par' dir='ltr' id='par_1_2' title="bbox 80 144 1227 602">
     <span class='ocr_line' id='line_1_3' title="bbox 84 144 1138 192; baseline -0.004 -8"><span class='ocrx_word' id='word_1_13' title='bbox 84 149 259 184; x_wconf 88' lang='lat' dir='ltr'><strong>tinendum</strong></span> <span class='ocrx_word' id='word_1_14' title='bbox 276 150 328 183; x_wconf 90' lang='lat' dir='ltr'><strong>est</strong></span> <span class='ocrx_word' id='word_1_15' title='bbox 345 148 481 189; x_wconf 85' lang='lat' dir='ltr'><strong>crimen,</strong></span> <span class='ocrx_word' id='word_1_16' title='bbox 501 147 603 182; x_wconf 87' lang='lat' dir='ltr'><strong>semel</strong></span> <span class='ocrx_word' id='word_1_17' title='bbox 620 160 726 192; x_wconf 87' lang='lat' dir='ltr'><strong>quum</strong></span> <span class='ocrx_word' id='word_1_18' title='bbox 747 146 968 181; x_wconf 80' lang='lat' dir='ltr'><strong>defectionem</strong></span> <span class='ocrx_word' id='word_1_19' title='bbox 986 145 1079 180; x_wconf 80' lang='lat' dir='ltr'><strong>inisti</strong></span> <span class='ocrx_word' id='word_1_20' title='bbox 1097 144 1138 180; x_wconf 88' lang='lat' dir='ltr'><strong>ab</strong></span> 
     </span>
     <span class='ocr_line' id='line_1_4' title="bbox 83 196 1138 244; baseline -0.003 -10"><span class='ocrx_word' id='word_1_21' title='bbox 83 200 256 242; x_wconf 85' lang='lat' dir='ltr'><strong>Romanis,</strong></span> <span class='ocrx_word' id='word_1_22' title='bbox 288 200 410 234; x_wconf 85' lang='lat' dir='ltr'><strong>iterum</strong></span> <span class='ocrx_word' id='word_1_23' title='bbox 445 211 548 244; x_wconf 87' lang='lat' dir='ltr'><strong>quum</strong></span> <span class='ocrx_word' id='word_1_24' title='bbox 583 199 674 244; x_wconf 81' lang='lat' dir='ltr'>pacis</span> <span class='ocrx_word' id='word_1_25' title='bbox 707 210 783 233; x_wconf 88' lang='lat' dir='ltr'><strong>cum</strong></span> <span class='ocrx_word' id='word_1_26' title='bbox 819 197 1010 232; x_wconf 81' lang='lat' dir='ltr'>Hannibale</span> <span class='ocrx_word' id='word_1_27' title='bbox 1042 196 1138 231; x_wconf 81' lang='lat' dir='ltr'><strong>fuisti</strong></span> 
     </span>
     <span class='ocr_line' id='line_1_5' title="bbox 82 248 1137 295; baseline -0.004 -10"><span class='ocrx_word' id='word_1_28' title='bbox 82 255 208 292; x_wconf 84' lang='lat' dir='ltr'><strong>auctor,</strong></span> <span class='ocrx_word' id='word_1_29' title='bbox 223 251 325 285; x_wconf 86' lang='lat' dir='ltr'><strong>tertio</strong></span> <span class='ocrx_word' id='word_1_30' title='bbox 343 249 451 292; x_wconf 88' lang='lat' dir='ltr'><strong>hodie,</strong></span> <span class='ocrx_word' id='word_1_31' title='bbox 470 262 576 295; x_wconf 88' lang='lat' dir='ltr'><strong>quum</strong></span> <span class='ocrx_word' id='word_1_32' title='bbox 594 248 812 285; x_wconf 71' lang='lat' dir='ltr'><strong>restituendae</strong></span> <span class='ocrx_word' id='word_1_33' title='bbox 830 248 992 283; x_wconf 84' lang='lat' dir='ltr'><strong>Romanis</strong></span> <span class='ocrx_word' id='word_1_34' title='bbox 1012 248 1137 293; x_wconf 83' lang='lat' dir='ltr'><strong>Capuae</strong></span> 
     </span>
     <span class='ocr_line' id='line_1_6' title="bbox 81 299 1166 347; baseline -0.003 -11"><span class='ocrx_word' id='word_1_35' title='bbox 81 314 175 337; x_wconf 81' lang='lat' dir='ltr'><strong>mora</strong></span> <span class='ocrx_word' id='word_1_36' title='bbox 206 305 307 347; x_wconf 89' lang='lat' dir='ltr'><strong>atque</strong></span> <span class='ocrx_word' id='word_1_37' title='bbox 340 301 616 346; x_wconf 80' lang='lat' dir='ltr'><strong>impedimentum</strong></span> <span class='ocrx_word' id='word_1_38' title='bbox 650 313 696 336; x_wconf 86' lang='lat' dir='ltr'><strong>es.</strong></span> <span class='ocrx_word' id='word_1_39' title='bbox 748 300 809 342; x_wconf 84' lang='lat' dir='ltr'><strong>Tu,</strong></span> <span class='ocrx_word' id='word_1_40' title='bbox 846 299 965 345; x_wconf 84' lang='lat' dir='ltr'><strong>patria,</strong></span> <span class='ocrx_word' id='word_1_41' title='bbox 998 299 1166 341; x_wconf 86' lang='lat' dir='ltr'><strong>ferrum,6</strong></span> 
     </span>
     <span class='ocr_line' id='line_1_7' title="bbox 81 350 1137 399; baseline -0.003 -12"><span class='ocrx_word' id='word_1_42' title='bbox 81 365 147 399; x_wconf 88' lang='lat' dir='ltr'><strong>quo</strong></span> <span class='ocrx_word' id='word_1_43' title='bbox 165 365 224 398; x_wconf 89' lang='lat' dir='ltr'><strong>pro</strong></span> <span class='ocrx_word' id='word_1_44' title='bbox 242 356 277 388; x_wconf 91' lang='lat' dir='ltr'><strong>te</strong></span> <span class='ocrx_word' id='word_1_45' title='bbox 302 357 452 387; x_wconf 86' lang='lat' dir='ltr'><strong>armatus</strong></span> <span class='ocrx_word' id='word_1_46' title='bbox 474 352 560 387; x_wconf 80' lang='lat' dir='ltr'><strong>hanc</strong></span> <span class='ocrx_word' id='word_1_47' title='bbox 586 364 695 387; x_wconf 88' lang='lat' dir='ltr'><strong>arcem</strong></span> <span class='ocrx_word' id='word_1_48' title='bbox 718 351 864 386; x_wconf 85' lang='lat' dir='ltr'><strong>hostium</strong></span> <span class='ocrx_word' id='word_1_49' title='bbox 889 351 958 391; x_wconf 88' lang='lat' dir='ltr'><strong>inii,</strong></span> <span class='ocrx_word' id='word_1_50' title='bbox 978 350 1137 396; x_wconf 76' lang='lat' dir='ltr'><strong>qnoniam</strong></span> 
     </span>
     <span class='ocr_line' id='line_1_8' title="bbox 80 400 1165 449; baseline -0.003 -11"><span class='ocrx_word' id='word_1_51' title='bbox 80 416 200 449; x_wconf 82' lang='lat' dir='ltr'><strong>parcns</strong></span> <span class='ocrx_word' id='word_1_52' title='bbox 226 406 416 448; x_wconf 74' lang='lat' dir='ltr'><strong>extorquet,</strong></span> <span class='ocrx_word' id='word_1_53' title='bbox 442 403 587 448; x_wconf 86' lang='lat' dir='ltr'><strong>recipe.⁷&#39;</strong></span> <span class='ocrx_word' id='word_1_54' title='bbox 639 404 724 437; x_wconf 80' lang='lat' dir='ltr'><strong>Haec</strong></span> <span class='ocrx_word' id='word_1_55' title='bbox 752 415 853 448; x_wconf 88' lang='lat' dir='ltr'><strong>quum</strong></span> <span class='ocrx_word' id='word_1_56' title='bbox 881 401 1032 443; x_wconf 80' lang='lat' dir='ltr'><strong>dixisset,</strong></span> <span class='ocrx_word' id='word_1_57' title='bbox 1067 400 1165 447; x_wconf 64' lang='lat' dir='ltr'><strong>glaz-7</strong></span> 
     </span>
     <span class='ocr_line' id='line_1_9' title="bbox 81 452 1135 500; baseline -0.003 -11"><span class='ocrx_word' id='word_1_58' title='bbox 81 455 170 490; x_wconf 85' lang='lat' dir='ltr'><strong>dium</strong></span> <span class='ocrx_word' id='word_1_59' title='bbox 190 456 224 490; x_wconf 89' lang='lat' dir='ltr'><strong>in</strong></span> <span class='ocrx_word' id='word_1_60' title='bbox 240 454 412 500; x_wconf 83' lang='lat' dir='ltr'><strong>publicum</strong></span> <span class='ocrx_word' id='word_1_61' title='bbox 430 457 524 488; x_wconf 84' lang='lat' dir='ltr'><strong>trans</strong></span> <span class='ocrx_word' id='word_1_62' title='bbox 545 454 721 489; x_wconf 82' lang='lat' dir='ltr'><strong>maceriam</strong></span> <span class='ocrx_word' id='word_1_63' title='bbox 745 453 834 488; x_wconf 88' lang='lat' dir='ltr'><strong>horti</strong></span> <span class='ocrx_word' id='word_1_64' title='bbox 859 452 982 498; x_wconf 84' lang='lat' dir='ltr'><strong>abjecit</strong></span> <span class='ocrx_word' id='word_1_65' title='bbox 1006 456 1050 494; x_wconf 86' lang='lat' dir='ltr'><strong>et,</strong></span> <span class='ocrx_word' id='word_1_66' title='bbox 1070 464 1135 498; x_wconf 88' lang='lat' dir='ltr'><strong>quo</strong></span> 
     </span>
     <span class='ocr_line' id='line_1_10' title="bbox 80 503 1040 550; baseline -0.003 -10"><span class='ocrx_word' id='word_1_67' title='bbox 80 506 190 541; x_wconf 86' lang='lat' dir='ltr'><strong>minus</strong></span> <span class='ocrx_word' id='word_1_68' title='bbox 210 518 261 541; x_wconf 88' lang='lat' dir='ltr'><strong>res</strong></span> <span class='ocrx_word' id='word_1_69' title='bbox 280 508 440 550; x_wconf 85' lang='lat' dir='ltr'><strong>suspecta</strong></span> <span class='ocrx_word' id='word_1_70' title='bbox 456 508 556 548; x_wconf 85' lang='lat' dir='ltr'><strong>esset,</strong></span> <span class='ocrx_word' id='word_1_71' title='bbox 575 517 610 540; x_wconf 88' lang='lat' dir='ltr'><strong>se</strong></span> <span class='ocrx_word' id='word_1_72' title='bbox 627 505 698 550; x_wconf 88' lang='lat' dir='ltr'><strong>ipse</strong></span> <span class='ocrx_word' id='word_1_73' title='bbox 716 504 867 539; x_wconf 88' lang='lat' dir='ltr'><strong>convivio</strong></span> <span class='ocrx_word' id='word_1_74' title='bbox 884 503 1040 538; x_wconf 83' lang='lat' dir='ltr'><strong>reddidit.</strong></span> 
     </span>
     <span class='ocr_line' id='line_1_11' title="bbox 127 549 1227 602; baseline -0.002 -10"><span class='ocrx_word' id='word_1_75' title='bbox 127 558 269 592; x_wconf 84' lang='lat' dir='ltr'><strong>Postero</strong></span> <span class='ocrx_word' id='word_1_76' title='bbox 288 557 340 592; x_wconf 90' lang='lat' dir='ltr'><strong>die</strong></span> <span class='ocrx_word' id='word_1_77' title='bbox 358 559 495 591; x_wconf 85' lang='lat' dir='ltr'><strong>senatus</strong></span> <span class='ocrx_word' id='word_1_78' title='bbox 514 556 670 602; x_wconf 85' lang='lat' dir='ltr'><strong>frequens</strong></span> <span class='ocrx_word' id='word_1_79' title='bbox 695 555 794 590; x_wconf 84' lang='lat' dir='ltr'><strong>datus</strong></span> <span class='ocrx_word' id='word_1_80' title='bbox 817 554 1012 590; x_wconf 86' lang='lat' dir='ltr'>Hannibali.</span> <span class='ocrx_word' id='word_1_81' title='bbox 1063 549 1227 592; x_wconf 69' lang='lat' dir='ltr'><strong>Ubi(10)</strong></span> 
     </span>
    </p>

    <p class='ocr_par' dir='ltr' id='par_1_3' title="bbox 75 605 1170 1782">
     <span class='ocr_line' id='line_1_12' title="bbox 80 605 1134 654; baseline -0.004 -11"><span class='ocrx_word' id='word_1_82' title='bbox 80 608 188 654; x_wconf 76' lang='lat' dir='ltr'><strong>prima</strong></span> <span class='ocrx_word' id='word_1_83' title='bbox 204 609 275 654; x_wconf 84' lang='lat' dir='ltr'><strong>ejus</strong></span> <span class='ocrx_word' id='word_1_84' title='bbox 293 608 399 643; x_wconf 87' lang='lat' dir='ltr'><strong>oratio</strong></span> <span class='ocrx_word' id='word_1_85' title='bbox 417 607 599 653; x_wconf 84' lang='lat' dir='ltr'><strong>perblanda</strong></span> <span class='ocrx_word' id='word_1_86' title='bbox 616 619 653 642; x_wconf 92' lang='lat' dir='ltr'><strong>ac</strong></span> <span class='ocrx_word' id='word_1_87' title='bbox 670 606 815 652; x_wconf 81' lang='lat' dir='ltr'><strong>benigna</strong></span> <span class='ocrx_word' id='word_1_88' title='bbox 832 607 906 648; x_wconf 84' lang='lat' dir='ltr'><strong>fuit,</strong></span> <span class='ocrx_word' id='word_1_89' title='bbox 927 618 992 652; x_wconf 89' lang='lat' dir='ltr'><strong>qua</strong></span> <span class='ocrx_word' id='word_1_90' title='bbox 1008 605 1134 651; x_wconf 77' lang='lat' dir='ltr'><strong>gratias</strong></span> 
     </span>
     <span class='ocr_line' id='line_1_13' title="bbox 80 657 1137 705; baseline -0.003 -11"><span class='ocrx_word' id='word_1_91' title='bbox 80 660 150 705; x_wconf 83' lang='lat' dir='ltr'><strong>egit</strong></span> <span class='ocrx_word' id='word_1_92' title='bbox 169 659 345 704; x_wconf 86' lang='lat' dir='ltr'><strong>Campanis</strong></span> <span class='ocrx_word' id='word_1_93' title='bbox 363 658 453 704; x_wconf 89' lang='lat' dir='ltr'><strong>quod</strong></span> <span class='ocrx_word' id='word_1_94' title='bbox 476 659 654 693; x_wconf 82' lang='lat' dir='ltr'><strong>amicitiam</strong></span> <span class='ocrx_word' id='word_1_95' title='bbox 683 670 777 692; x_wconf 89' lang='lat' dir='ltr'><strong>suam</strong></span> <span class='ocrx_word' id='word_1_96' title='bbox 804 658 964 692; x_wconf 74' lang='lat' dir='ltr'><strong>Romanae</strong></span> <span class='ocrx_word' id='word_1_97' title='bbox 982 657 1137 691; x_wconf 80' lang='lat' dir='ltr'><strong>societati</strong></span> 
     </span>
     <span class='ocr_line' id='line_1_14' title="bbox 80 708 1136 756; baseline -0.004 -10"><span class='ocrx_word' id='word_1_98' title='bbox 80 711 352 756; x_wconf 80' lang='lat' dir='ltr'><strong>praeposuissent,</strong></span> <span class='ocrx_word' id='word_1_99' title='bbox 372 714 406 745; x_wconf 86' lang='lat' dir='ltr'><strong>et</strong></span> <span class='ocrx_word' id='word_1_100' title='bbox 431 710 520 744; x_wconf 89' lang='lat' dir='ltr'><strong>inter</strong></span> <span class='ocrx_word' id='word_1_101' title='bbox 545 715 666 744; x_wconf 85' lang='lat' dir='ltr'><strong>caetera</strong></span> <span class='ocrx_word' id='word_1_102' title='bbox 688 709 864 755; x_wconf 84' lang='lat' dir='ltr'><strong>magnifica</strong></span> <span class='ocrx_word' id='word_1_103' title='bbox 886 708 1050 754; x_wconf 86' lang='lat' dir='ltr'><strong>promissa</strong></span> <span class='ocrx_word' id='word_1_104' title='bbox 1067 708 1136 754; x_wconf 92' lang='lat' dir='ltr'><strong>pol—</strong></span> 
     </span>
     <span class='ocr_line' id='line_1_15' title="bbox 80 761 1136 807; baseline -0.003 -11"><span class='ocrx_word' id='word_1_105' title='bbox 80 761 202 804; x_wconf 81' lang='lat' dir='ltr'><strong>licitus,</strong></span> <span class='ocrx_word' id='word_1_106' title='bbox 229 762 323 797; x_wconf 86' lang='lat' dir='ltr'><strong>brevi</strong></span> <span class='ocrx_word' id='word_1_107' title='bbox 346 769 447 807; x_wconf 83' lang='lat' dir='ltr'><strong>capnt</strong></span> <span class='ocrx_word' id='word_1_108' title='bbox 473 761 581 796; x_wconf 73' lang='lat' dir='ltr'><strong>Italiae</strong></span> <span class='ocrx_word' id='word_1_109' title='bbox 608 761 697 795; x_wconf 89' lang='lat' dir='ltr'><strong>omni</strong></span> <span class='ocrx_word' id='word_1_110' title='bbox 727 761 876 806; x_wconf 83' lang='lat' dir='ltr'><strong>Capuam</strong></span> <span class='ocrx_word' id='word_1_111' title='bbox 901 761 972 795; x_wconf 80' lang='lat' dir='ltr'><strong>fore</strong></span> <span class='ocrx_word' id='word_1_112' title='bbox 991 762 1136 805; x_wconf 84' lang='lat' dir='ltr'><strong>juraque</strong></span> 
     </span>
     <span class='ocr_line' id='line_1_16' title="bbox 80 811 1134 858; baseline -0.003 -10"><span class='ocrx_word' id='word_1_113' title='bbox 80 813 157 848; x_wconf 91' lang='lat' dir='ltr'><strong>inde</strong></span> <span class='ocrx_word' id='word_1_114' title='bbox 182 825 258 849; x_wconf 89' lang='lat' dir='ltr'><strong>cum</strong></span> <span class='ocrx_word' id='word_1_115' title='bbox 281 814 412 848; x_wconf 79' lang='lat' dir='ltr'><strong>caeteris</strong></span> <span class='ocrx_word' id='word_1_116' title='bbox 433 812 565 858; x_wconf 89' lang='lat' dir='ltr'><strong>populis</strong></span> <span class='ocrx_word' id='word_1_117' title='bbox 591 813 783 847; x_wconf 86' lang='lat' dir='ltr'><strong>Romanum</strong></span> <span class='ocrx_word' id='word_1_118' title='bbox 810 812 910 846; x_wconf 80' lang='lat' dir='ltr'><strong>etiam</strong></span> <span class='ocrx_word' id='word_1_119' title='bbox 937 811 1134 857; x_wconf 86' lang='lat' dir='ltr'><strong>petiturum.</strong></span> 
     </span>
     <span class='ocr_line' id='line_1_17' title="bbox 80 863 1166 909; baseline -0.004 -10"><span class='ocrx_word' id='word_1_120' title='bbox 80 865 197 900; x_wconf 88' lang='lat' dir='ltr'><strong>Unum</strong></span> <span class='ocrx_word' id='word_1_121' title='bbox 214 877 286 900; x_wconf 86' lang='lat' dir='ltr'><strong>esse</strong></span> <span class='ocrx_word' id='word_1_122' title='bbox 297 867 465 900; x_wconf 83' lang='lat' dir='ltr'><strong>exsortem</strong></span> <span class='ocrx_word' id='word_1_123' title='bbox 478 864 617 899; x_wconf 75' lang='lat' dir='ltr'><strong>Punicae</strong></span> <span class='ocrx_word' id='word_1_124' title='bbox 634 863 790 899; x_wconf 82' lang='lat' dir='ltr'><strong>amicitiae</strong></span> <span class='ocrx_word' id='word_1_125' title='bbox 803 863 1005 909; x_wconf 86' lang='lat' dir='ltr'><strong>foederisque</strong></span> <span class='ocrx_word' id='word_1_126' title='bbox 1023 874 1133 897; x_wconf 88' lang='lat' dir='ltr'><strong>secum</strong></span> <span class='ocrx_word' id='word_1_127' title='bbox 1148 866 1166 894; x_wconf 88' lang='lat'>2</span> 
     </span>
     <span class='ocr_line' id='line_1_18' title="bbox 80 913 1136 962; baseline -0.003 -11"><span class='ocrx_word' id='word_1_128' title='bbox 80 917 171 958; x_wconf 84' lang='lat' dir='ltr'><strong>sacti,</strong></span> <span class='ocrx_word' id='word_1_129' title='bbox 199 929 298 962; x_wconf 87' lang='lat' dir='ltr'><strong>quem</strong></span> <span class='ocrx_word' id='word_1_130' title='bbox 323 929 433 962; x_wconf 90' lang='lat' dir='ltr'><strong>neque</strong></span> <span class='ocrx_word' id='word_1_131' title='bbox 454 928 526 951; x_wconf 89' lang='lat' dir='ltr'><strong>esse</strong></span> <span class='ocrx_word' id='word_1_132' title='bbox 553 915 763 960; x_wconf 85' lang='lat' dir='ltr'><strong>Campanum</strong></span> <span class='ocrx_word' id='word_1_133' title='bbox 785 927 894 960; x_wconf 87' lang='lat' dir='ltr'><strong>neque</strong></span> <span class='ocrx_word' id='word_1_134' title='bbox 916 914 980 949; x_wconf 90' lang='lat' dir='ltr'><strong>dici</strong></span> <span class='ocrx_word' id='word_1_135' title='bbox 1003 913 1136 955; x_wconf 88' lang='lat' dir='ltr'><strong>debere,</strong></span> 
     </span>
     <span class='ocr_line' id='line_1_19' title="bbox 80 965 1137 1014; baseline -0.004 -11"><span class='ocrx_word' id='word_1_136' title='bbox 80 968 234 1014; x_wconf 85' lang='lat' dir='ltr'><strong>Magium</strong></span> <span class='ocrx_word' id='word_1_137' title='bbox 258 968 423 1003; x_wconf 88' lang='lat' dir='ltr'><strong>Decium:</strong></span> <span class='ocrx_word' id='word_1_138' title='bbox 453 979 530 1002; x_wconf 89' lang='lat' dir='ltr'><strong>eum</strong></span> <span class='ocrx_word' id='word_1_139' title='bbox 555 966 736 1011; x_wconf 88' lang='lat' dir='ltr'><strong>postulare,</strong></span> <span class='ocrx_word' id='word_1_140' title='bbox 763 969 803 1000; x_wconf 90' lang='lat' dir='ltr'><strong>ut</strong></span> <span class='ocrx_word' id='word_1_141' title='bbox 829 965 890 1000; x_wconf 92' lang='lat' dir='ltr'><strong>sibi</strong></span> <span class='ocrx_word' id='word_1_142' title='bbox 918 965 1072 1005; x_wconf 84' lang='lat' dir='ltr'><strong>dedatur,</strong></span> <span class='ocrx_word' id='word_1_143' title='bbox 1098 976 1137 999; x_wconf 82' lang='lat' dir='ltr'><strong>ac</strong></span> 
     </span>
     <span class='ocr_line' id='line_1_20' title="bbox 80 1016 1135 1064; baseline -0.004 -10"><span class='ocrx_word' id='word_1_144' title='bbox 80 1031 115 1053; x_wconf 87' lang='lat' dir='ltr'><strong>se</strong></span> <span class='ocrx_word' id='word_1_145' title='bbox 133 1023 298 1064; x_wconf 82' lang='lat' dir='ltr'><strong>praesente</strong></span> <span class='ocrx_word' id='word_1_146' title='bbox 323 1018 364 1054; x_wconf 88' lang='lat' dir='ltr'><strong>de</strong></span> <span class='ocrx_word' id='word_1_147' title='bbox 381 1031 420 1054; x_wconf 89' lang='lat' dir='ltr'><strong>eo</strong></span> <span class='ocrx_word' id='word_1_148' title='bbox 437 1018 604 1053; x_wconf 85' lang='lat' dir='ltr'><strong>referatur</strong></span> <span class='ocrx_word' id='word_1_149' title='bbox 629 1021 833 1062; x_wconf 83' lang='lat' dir='ltr'><strong>senatusque</strong></span> <span class='ocrx_word' id='word_1_150' title='bbox 851 1016 1041 1051; x_wconf 84' lang='lat' dir='ltr'><strong>consultum</strong></span> <span class='ocrx_word' id='word_1_151' title='bbox 1068 1017 1135 1050; x_wconf 79' lang='lat' dir='ltr'><strong>fiat.</strong></span> 
     </span>
     <span class='ocr_line' id='line_1_21' title="bbox 81 1069 1167 1114; baseline -0.004 -9"><span class='ocrx_word' id='word_1_152' title='bbox 81 1070 207 1105; x_wconf 84' lang='lat' dir='ltr'><strong>Omnes</strong></span> <span class='ocrx_word' id='word_1_153' title='bbox 236 1070 271 1105; x_wconf 87' lang='lat' dir='ltr'><strong>in</strong></span> <span class='ocrx_word' id='word_1_154' title='bbox 299 1082 372 1105; x_wconf 85' lang='lat' dir='ltr'><strong>eam</strong></span> <span class='ocrx_word' id='word_1_155' title='bbox 398 1069 599 1104; x_wconf 76' lang='lat' dir='ltr'><strong>sententiam</strong></span> <span class='ocrx_word' id='word_1_156' title='bbox 630 1069 752 1110; x_wconf 89' lang='lat' dir='ltr'><strong>ierunt,</strong></span> <span class='ocrx_word' id='word_1_157' title='bbox 780 1081 981 1114; x_wconf 85' lang='lat' dir='ltr'><strong>quamquam</strong></span> <span class='ocrx_word' id='word_1_158' title='bbox 1008 1074 1167 1113; x_wconf 80' lang='lat' dir='ltr'><strong>magnae3</strong></span> 
     </span>
     <span class='ocr_line' id='line_1_22' title="bbox 81 1119 1137 1166; baseline -0.004 -10"><span class='ocrx_word' id='word_1_159' title='bbox 81 1122 171 1166; x_wconf 85' lang='lat' dir='ltr'><strong>parti</strong></span> <span class='ocrx_word' id='word_1_160' title='bbox 188 1126 222 1156; x_wconf 85' lang='lat' dir='ltr'><strong>et</strong></span> <span class='ocrx_word' id='word_1_161' title='bbox 239 1121 290 1156; x_wconf 90' lang='lat' dir='ltr'><strong>vir</strong></span> <span class='ocrx_word' id='word_1_162' title='bbox 307 1121 465 1166; x_wconf 86' lang='lat' dir='ltr'><strong>indignus</strong></span> <span class='ocrx_word' id='word_1_163' title='bbox 484 1133 523 1155; x_wconf 91' lang='lat' dir='ltr'><strong>ea</strong></span> <span class='ocrx_word' id='word_1_164' title='bbox 545 1120 734 1155; x_wconf 79' lang='lat' dir='ltr'><strong>calamitate</strong></span> <span class='ocrx_word' id='word_1_165' title='bbox 752 1122 786 1154; x_wconf 91' lang='lat' dir='ltr'><strong>et</strong></span> <span class='ocrx_word' id='word_1_166' title='bbox 812 1119 901 1154; x_wconf 87' lang='lat' dir='ltr'><strong>haud</strong></span> <span class='ocrx_word' id='word_1_167' title='bbox 919 1131 1022 1164; x_wconf 87' lang='lat' dir='ltr'><strong>parvo</strong></span> <span class='ocrx_word' id='word_1_168' title='bbox 1040 1119 1137 1153; x_wconf 87' lang='lat' dir='ltr'><strong>initio</strong></span> 
     </span>
     <span class='ocr_line' id='line_1_23' title="bbox 80 1170 1165 1217; baseline -0.004 -10"><span class='ocrx_word' id='word_1_169' title='bbox 80 1172 188 1207; x_wconf 86' lang='lat' dir='ltr'><strong>minui</strong></span> <span class='ocrx_word' id='word_1_170' title='bbox 205 1172 382 1207; x_wconf 88' lang='lat' dir='ltr'><strong>videbatur</strong></span> <span class='ocrx_word' id='word_1_171' title='bbox 394 1175 453 1217; x_wconf 82' lang='lat' dir='ltr'><strong>jus</strong></span> <span class='ocrx_word' id='word_1_172' title='bbox 476 1171 653 1206; x_wconf 86' lang='lat' dir='ltr'><strong>libertatis.</strong></span> <span class='ocrx_word' id='word_1_173' title='bbox 703 1172 870 1216; x_wconf 76' lang='lat' dir='ltr'><strong>Egressus</strong></span> <span class='ocrx_word' id='word_1_174' title='bbox 889 1171 981 1205; x_wconf 81' lang='lat' dir='ltr'><strong>curia</strong></span> <span class='ocrx_word' id='word_1_175' title='bbox 1003 1170 1038 1204; x_wconf 90' lang='lat' dir='ltr'><strong>in</strong></span> <span class='ocrx_word' id='word_1_176' title='bbox 1055 1174 1165 1204; x_wconf 72' lang='lat' dir='ltr'><strong>tem-4·</strong></span> 
     </span>
     <span class='ocr_line' id='line_1_24' title="bbox 79 1221 1136 1270; baseline -0.003 -12"><span class='ocrx_word' id='word_1_177' title='bbox 79 1223 135 1269; x_wconf 90' lang='lat' dir='ltr'><strong>plo</strong></span> <span class='ocrx_word' id='word_1_178' title='bbox 167 1224 428 1270; x_wconf 86' lang='lat' dir='ltr'><strong>magistratuum</strong></span> <span class='ocrx_word' id='word_1_179' title='bbox 461 1223 623 1266; x_wconf 83' lang='lat' dir='ltr'><strong>consedit,</strong></span> <span class='ocrx_word' id='word_1_180' title='bbox 657 1222 960 1268; x_wconf 86' lang='lat' dir='ltr'><strong>comprehendique</strong></span> <span class='ocrx_word' id='word_1_181' title='bbox 994 1221 1136 1256; x_wconf 85' lang='lat' dir='ltr'><strong>Decium</strong></span> 
     </span>
     <span class='ocr_line' id='line_1_25' title="bbox 79 1272 1137 1321; baseline -0.002 -12"><span class='ocrx_word' id='word_1_182' title='bbox 79 1274 233 1320; x_wconf 81' lang='lat' dir='ltr'><strong>Magium</strong></span> <span class='ocrx_word' id='word_1_183' title='bbox 264 1278 366 1321; x_wconf 89' lang='lat' dir='ltr'><strong>atque</strong></span> <span class='ocrx_word' id='word_1_184' title='bbox 394 1278 473 1309; x_wconf 86' lang='lat' dir='ltr'><strong>ante</strong></span> <span class='ocrx_word' id='word_1_185' title='bbox 502 1273 604 1320; x_wconf 85' lang='lat' dir='ltr'><strong>pedes</strong></span> <span class='ocrx_word' id='word_1_186' title='bbox 634 1273 836 1309; x_wconf 87' lang='lat' dir='ltr'><strong>destitutum</strong></span> <span class='ocrx_word' id='word_1_187' title='bbox 867 1285 1000 1308; x_wconf 83' lang='lat' dir='ltr'><strong>causam</strong></span> <span class='ocrx_word' id='word_1_188' title='bbox 1028 1272 1137 1307; x_wconf 87' lang='lat' dir='ltr'><strong>dicere</strong></span> 
     </span>
     <span class='ocr_line' id='line_1_26' title="bbox 75 1324 1166 1372; baseline -0.003 -11"><span class='ocrx_word' id='word_1_189' title='bbox 75 1326 191 1370; x_wconf 86' lang='lat' dir='ltr'><strong>jussit.</strong></span> <span class='ocrx_word' id='word_1_190' title='bbox 241 1326 307 1368; x_wconf 80' lang='lat' dir='ltr'><strong>Qui</strong></span> <span class='ocrx_word' id='word_1_191' title='bbox 329 1339 432 1372; x_wconf 88' lang='lat' dir='ltr'><strong>quum</strong></span> <span class='ocrx_word' id='word_1_192' title='bbox 455 1328 611 1360; x_wconf 89' lang='lat' dir='ltr'><strong>manente</strong></span> <span class='ocrx_word' id='word_1_193' title='bbox 633 1325 757 1360; x_wconf 84' lang='lat' dir='ltr'><strong>ferocia</strong></span> <span class='ocrx_word' id='word_1_194' title='bbox 779 1325 880 1359; x_wconf 89' lang='lat' dir='ltr'><strong>animi</strong></span> <span class='ocrx_word' id='word_1_195' title='bbox 902 1328 1040 1370; x_wconf 84' lang='lat' dir='ltr'><strong>negaret</strong></span> <span class='ocrx_word' id='word_1_196' title='bbox 1064 1324 1166 1370; x_wconf 83' lang='lat' dir='ltr'><strong>lege5</strong></span> 
     </span>
     <span class='ocr_line' id='line_1_27' title="bbox 80 1375 1137 1423; baseline -0.001 -13"><span class='ocrx_word' id='word_1_197' title='bbox 80 1376 213 1411; x_wconf 82' lang='lat' dir='ltr'><strong>foederis</strong></span> <span class='ocrx_word' id='word_1_198' title='bbox 231 1377 265 1412; x_wconf 89' lang='lat' dir='ltr'><strong>id</strong></span> <span class='ocrx_word' id='word_1_199' title='bbox 282 1377 357 1423; x_wconf 86' lang='lat' dir='ltr'><strong>cogi</strong></span> <span class='ocrx_word' id='word_1_200' title='bbox 374 1389 482 1423; x_wconf 83' lang='lat' dir='ltr'><strong>posse,</strong></span> <span class='ocrx_word' id='word_1_201' title='bbox 499 1380 572 1412; x_wconf 87' lang='lat' dir='ltr'><strong>tum</strong></span> <span class='ocrx_word' id='word_1_202' title='bbox 593 1377 726 1422; x_wconf 84' lang='lat' dir='ltr'><strong>injectae</strong></span> <span class='ocrx_word' id='word_1_203' title='bbox 744 1379 871 1411; x_wconf 75' lang='lat' dir='ltr'><strong>catenae</strong></span> <span class='ocrx_word' id='word_1_204' title='bbox 893 1375 1037 1421; x_wconf 87' lang='lat' dir='ltr'><strong>ducique</strong></span> <span class='ocrx_word' id='word_1_205' title='bbox 1060 1380 1137 1409; x_wconf 78' lang='lat' dir='ltr'><strong>ante</strong></span> 
     </span>
     <span class='ocr_line' id='line_1_28' title="bbox 79 1427 1168 1474; baseline -0.002 -11"><span class='ocrx_word' id='word_1_206' title='bbox 79 1427 232 1463; x_wconf 85' lang='lat' dir='ltr'><strong>lictorem</strong></span> <span class='ocrx_word' id='word_1_207' title='bbox 256 1428 291 1463; x_wconf 86' lang='lat' dir='ltr'><strong>in</strong></span> <span class='ocrx_word' id='word_1_208' title='bbox 308 1432 418 1463; x_wconf 82' lang='lat' dir='ltr'><strong>castra</strong></span> <span class='ocrx_word' id='word_1_209' title='bbox 435 1432 486 1463; x_wconf 89' lang='lat' dir='ltr'><strong>est</strong></span> <span class='ocrx_word' id='word_1_210' title='bbox 501 1429 624 1474; x_wconf 87' lang='lat' dir='ltr'><strong>jussus.</strong></span> <span class='ocrx_word' id='word_1_211' title='bbox 675 1427 797 1466; x_wconf 77' lang='lat' dir='ltr'><strong>Quoad</strong></span> <span class='ocrx_word' id='word_1_212' title='bbox 820 1427 929 1473; x_wconf 84' lang='lat' dir='ltr'><strong>capite</strong></span> <span class='ocrx_word' id='word_1_213' title='bbox 953 1431 1068 1473; x_wconf 82' lang='lat' dir='ltr'><strong>aperto</strong></span> <span class='ocrx_word' id='word_1_214' title='bbox 1087 1431 1137 1461; x_wconf 88' lang='lat' dir='ltr'><strong>est</strong></span> <span class='ocrx_word' id='word_1_215' title='bbox 1151 1432 1168 1460; x_wconf 84' lang='grc'><strong>6</strong></span> 
     </span>
     <span class='ocr_line' id='line_1_29' title="bbox 80 1478 1138 1521; baseline -0.001 -8"><span class='ocrx_word' id='word_1_216' title='bbox 80 1478 212 1521; x_wconf 83' lang='lat' dir='ltr'><strong>ductus,</strong></span> <span class='ocrx_word' id='word_1_217' title='bbox 239 1479 535 1515; x_wconf 87' lang='lat' dir='ltr'><strong>concionabundus</strong></span> <span class='ocrx_word' id='word_1_218' title='bbox 567 1479 703 1515; x_wconf 87' lang='lat' dir='ltr'><strong>incessit</strong></span> <span class='ocrx_word' id='word_1_219' title='bbox 737 1479 778 1513; x_wconf 83' lang='lat' dir='ltr'><strong>ad</strong></span> <span class='ocrx_word' id='word_1_220' title='bbox 811 1479 1046 1513; x_wconf 82' lang='lat' dir='ltr'><strong>circumfusam</strong></span> <span class='ocrx_word' id='word_1_221' title='bbox 1080 1491 1138 1512; x_wconf 89' lang='lat' dir='ltr'><strong>un-</strong></span> 
     </span>
     <span class='ocr_line' id='line_1_30' title="bbox 80 1530 1137 1576; baseline -0.002 -12"><span class='ocrx_word' id='word_1_222' title='bbox 80 1530 180 1576; x_wconf 90' lang='lat' dir='ltr'><strong>dique</strong></span> <span class='ocrx_word' id='word_1_223' title='bbox 210 1531 460 1566; x_wconf 89' lang='lat' dir='ltr'><strong>multitudinem</strong></span> <span class='ocrx_word' id='word_1_224' title='bbox 487 1531 695 1566; x_wconf 85' lang='lat' dir='ltr'><strong>vociferans:</strong></span> <span class='ocrx_word' id='word_1_225' title='bbox 732 1530 907 1565; x_wconf 78' lang='lat' dir='ltr'><strong>“Habetis</strong></span> <span class='ocrx_word' id='word_1_226' title='bbox 936 1530 1137 1572; x_wconf 72' lang='lat' dir='ltr'><strong>libertatem,</strong></span> 
     </span>
     <span class='ocr_line' id='line_1_31' title="bbox 80 1581 1140 1627; baseline -0.002 -11"><span class='ocrx_word' id='word_1_227' title='bbox 80 1581 252 1627; x_wconf 83' lang='lat' dir='ltr'><strong>Campani,</strong></span> <span class='ocrx_word' id='word_1_228' title='bbox 270 1594 369 1627; x_wconf 89' lang='lat' dir='ltr'><strong>quam</strong></span> <span class='ocrx_word' id='word_1_229' title='bbox 395 1583 528 1627; x_wconf 81' lang='lat' dir='ltr'><strong>petistis</strong></span> <span class='ocrx_word' id='word_1_230' title='bbox 544 1598 550 1617; x_wconf 93' lang='lat'><strong>:</strong></span> <span class='ocrx_word' id='word_1_231' title='bbox 577 1582 650 1617; x_wconf 89' lang='lat' dir='ltr'><strong>foro</strong></span> <span class='ocrx_word' id='word_1_232' title='bbox 667 1581 776 1616; x_wconf 87' lang='lat' dir='ltr'><strong>medio</strong></span> <span class='ocrx_word' id='word_1_233' title='bbox 802 1581 875 1616; x_wconf 84' lang='lat' dir='ltr'><strong>luce</strong></span> <span class='ocrx_word' id='word_1_234' title='bbox 893 1581 982 1615; x_wconf 80' lang='lat' dir='ltr'><strong>clara</strong></span> <span class='ocrx_word' id='word_1_235' title='bbox 999 1581 1140 1615; x_wconf 76' lang='lat' dir='ltr'><strong>videnti-</strong></span> 
     </span>
     <span class='ocr_line' id='line_1_32' title="bbox 79 1632 1140 1679; baseline -0.002 -12"><span class='ocrx_word' id='word_1_236' title='bbox 79 1632 141 1668; x_wconf 86' lang='lat' dir='ltr'><strong>bus</strong></span> <span class='ocrx_word' id='word_1_237' title='bbox 166 1632 260 1668; x_wconf 88' lang='lat' dir='ltr'><strong>vobis</strong></span> <span class='ocrx_word' id='word_1_238' title='bbox 277 1633 360 1668; x_wconf 91' lang='lat' dir='ltr'><strong>nulli</strong></span> <span class='ocrx_word' id='word_1_239' title='bbox 379 1633 626 1679; x_wconf 86' lang='lat' dir='ltr'><strong>Campanorum</strong></span> <span class='ocrx_word' id='word_1_240' title='bbox 648 1633 812 1668; x_wconf 87' lang='lat' dir='ltr'><strong>secundus</strong></span> <span class='ocrx_word' id='word_1_241' title='bbox 829 1634 964 1668; x_wconf 84' lang='lat' dir='ltr'><strong>vinctus</strong></span> <span class='ocrx_word' id='word_1_242' title='bbox 988 1632 1029 1666; x_wconf 83' lang='lat' dir='ltr'><strong>ad</strong></span> <span class='ocrx_word' id='word_1_243' title='bbox 1053 1645 1140 1666; x_wconf 87' lang='lat' dir='ltr'><strong>mor-</strong></span> 
     </span>
     <span class='ocr_line' id='line_1_33' title="bbox 79 1683 1170 1730; baseline -0.002 -12"><span class='ocrx_word' id='word_1_244' title='bbox 79 1686 148 1719; x_wconf 88' lang='lat' dir='ltr'><strong>tem</strong></span> <span class='ocrx_word' id='word_1_245' title='bbox 177 1684 300 1730; x_wconf 90' lang='lat' dir='ltr'><strong>rapior.</strong></span> <span class='ocrx_word' id='word_1_246' title='bbox 352 1684 441 1726; x_wconf 83' lang='lat' dir='ltr'><strong>Quid</strong></span> <span class='ocrx_word' id='word_1_247' title='bbox 465 1685 644 1720; x_wconf 86' lang='lat' dir='ltr'><strong>violentius</strong></span> <span class='ocrx_word' id='word_1_248' title='bbox 669 1690 770 1730; x_wconf 87' lang='lat' dir='ltr'><strong>capta</strong></span> <span class='ocrx_word' id='word_1_249' title='bbox 798 1685 916 1729; x_wconf 82' lang='lat' dir='ltr'><strong>Capua</strong></span> <span class='ocrx_word' id='word_1_250' title='bbox 943 1684 1066 1718; x_wconf 71' lang='lat' dir='ltr'><strong>lieret?</strong></span> <span class='ocrx_word' id='word_1_251' title='bbox 1094 1683 1170 1717; x_wconf 75' lang='lat' dir='ltr'><strong>ite?</strong></span> 
     </span>
     <span class='ocr_line' id='line_1_34' title="bbox 79 1735 1141 1782; baseline -0.003 -10"><span class='ocrx_word' id='word_1_252' title='bbox 79 1735 213 1772; x_wconf 85' lang='lat' dir='ltr'><strong>obviam</strong></span> <span class='ocrx_word' id='word_1_253' title='bbox 241 1736 436 1781; x_wconf 83' lang='lat' dir='ltr'><strong>Hannibali,</strong></span> <span class='ocrx_word' id='word_1_254' title='bbox 462 1740 625 1772; x_wconf 83' lang='lat' dir='ltr'><strong>exornate</strong></span> <span class='ocrx_word' id='word_1_255' title='bbox 650 1736 766 1772; x_wconf 85' lang='lat' dir='ltr'><strong>urbem</strong></span> <span class='ocrx_word' id='word_1_256' title='bbox 793 1736 948 1782; x_wconf 85' lang='lat' dir='ltr'><strong>diemque</strong></span> <span class='ocrx_word' id='word_1_257' title='bbox 975 1735 1141 1775; x_wconf 80' lang='lat' dir='ltr'><strong>adventus</strong></span> 
     </span>
    </p>
   </div>
  </div>
 </body>
</html>
