1298 1921
179 39 220 68 42
434 37 471 67 T.
496 37 613 67 LIVII
640 37 973 69 HISTORIARUM

1082 80 1115 105 Α.
1129 80 1156 105 e.
1173 80 1200 105 21
1223 99 1229 105 .

179 112 208 145 si
233 113 310 146 ante
334 111 487 146 Romana
512 110 632 146 moenia
656 123 853 158 pugnemus.
902 112 1001 147 Unus
1030 79 1171 159 qu[isque
1196 82 1231 148 sge

179 176 247 198 non
263 175 384 207 corpus
402 175 461 197 suu
469 175 499 196 111
518 162 579 197 sed
597 163 771 208 conjugem
790 176 827 198 ac
849 163 971 198 liberos
994 176 1115 209 parvos
1133 165 1231 199 armis

180 216 356 260 protegere
389 216 496 259 putet,
530 226 591 248 nec
624 213 823 249 domesticas
857 215 964 249 solum
997 215 1103 260 agitet
1136 228 1232 250 curas

181 265 239 300 sed
263 264 443 300 identidem
466 265 529 300 hoc
547 265 656 299 animo
679 269 824 310 reputet,
842 270 974 301 nostras
998 279 1087 301 nune
1109 267 1232 301 intueri

181 329 299 351 manus
327 320 478 350 senatum
506 316 731 362 populumque
758 317 957 361 Romanum,
984 318 1089 363 qualis
1118 322 1234 352 nostra

184 367 235 402 vis
252 368 427 413 virtusque
445 367 556 410 suerit,
573 367 673 402 talem
698 367 816 402 deinde
838 368 1006 403 fortunam
1030 368 1117 403 illius
1140 369 1232 403 urbis

89 413 223 454 <42)ac
241 419 400 453 Romanis
418 419 547 464 imperii
565 418 668 453 fore.’'
710 419 794 454 Haec
812 419 900 464 apud
918 420 1087 454 Romanos
1105 420 1232 455 consul.

230 470 403 505 Hannibal
416 469 514 504 rebus
528 470 620 515 prius
639 482 735 516 quam
750 470 859 505 verbis
873 470 1096 506 adhortandos
1111 471 1233 506 milites

181 524 286 565 ratus,
320 521 526 557 circumdato
560 521 601 555 ad
634 522 861 566 spectaculum
894 523 1044 557 exercitu
1081 523 1233 567 captivos

181 576 356 607 montanos
385 573 516 607 vinctos
544 572 578 606 in
607 572 715 607 medio
745 573 874 614 statuit,
904 574 1069 619 armisque
1099 573 1233 608 Gallicis

181 627 259 659 ante
276 623 377 670 pedes
395 635 510 658 eorum
529 623 686 669 projectis
710 624 914 669 interrogare
932 624 1149 670 interpretem
1162 627 1234 668 jus-

182 675 236 717 sit,
271 676 394 721 ecquis,
430 675 458 709 si
490 675 632 709 vinculis
666 675 832 710 levaretur
865 688 1020 721 armaque
1049 679 1083 710 et
1112 688 1235 721 equum

153 732 171 761 2
182 726 289 761 victor
306 726 481 772 acciperet,
497 726 667 761 decertare
686 727 773 761 ferro
787 726 896 761 vellet.
940 727 1052 765 Quum
1072 726 1114 761 ad
1130 739 1235 761 unum

182 790 296 812 omnes
322 778 447 812 ferrum
472 790 687 824 pugnamque
717 782 892 824 poscerent
920 781 953 812 et
981 777 1111 822 dejecta
1139 778 1174 812 in
1201 776 1236 812 id

183 841 255 864 sors
281 832 378 871 esset,
404 841 439 863 se
469 829 610 874 quisque
640 842 716 863 eum
745 829 882 874 optabat
912 842 1009 874 quem
1038 829 1174 863 fortuna
1202 829 1236 863 in

182 880 216 916 id
230 883 399 916 certamen
412 880 549 926 legeret,
563 884 606 921 et,
620 882 781 926 cujusque
795 893 866 915 sors
879 881 1055 922 exciderat,
1070 880 1176 914 alacer
1190 880 1236 914 in-

183 935 236 967 ter
249 932 457 978 gratulantes
476 931 597 977 gaudio
615 932 788 966 exsultans
803 944 877 967 cum
896 932 947 967 sui
964 932 1064 966 moris
1083 931 1236 976 tripudiis

154 988 172 1017 3
184 996 275 1018 arina
291 984 414 1028 raptim
433 983 597 1027 capiebat.
648 983 717 1018 Ubi
734 995 811 1018 vcro
835 983 1040 1025 dimicarent,
1057 983 1085 1017 is
1103 983 1236 1017 habitus

183 1035 369 1070 animorum
386 1047 452 1069 11011
475 1035 563 1069 inter
581 1034 728 1080 ejusdem
751 1034 849 1069 modo
867 1034 1064 1069 conditionis
1087 1035 1237 1069 homines

184 1089 256 1121 erat
284 1087 342 1121 sed
367 1086 467 1121 etiam
495 1086 583 1121 inter
607 1089 797 1131 spectantes
820 1086 930 1132 vulgo,
952 1089 991 1121 ut
1015 1098 1082 1120 non
1104 1086 1238 1120 vincen-

186 1138 272 1172 tium
294 1137 400 1183 magis
418 1150 517 1183 quam
541 1137 625 1172 bene
642 1137 855 1172 morientium
878 1137 1013 1171 fortuna
1035 1136 1237 1171 laudaretur.

95 1186 279 1229 (43)Ι)11111
305 1189 352 1224 sic
378 1189 504 1235 aliquot
529 1189 688 1234 spectatis
715 1189 848 1234 paribus
874 1189 1022 1223 adfectos
1047 1188 1237 1229 dimisisset,

188 1241 348 1275 concione
371 1240 446 1274 iude
471 1240 634 1275 advocata
655 1240 703 1274 ita
729 1239 817 1285 apud
840 1252 896 1274 eos
925 1240 1084 1284 loquutus
1112 1240 1237 1274 fertur:

189 1295 210 1309 “
225 1293 270 1333 Si,
291 1304 389 1337 quem
410 1292 555 1326 animum
576 1292 610 1326 in
627 1291 740 1326 alienae
758 1291 857 1326 sortis
875 1291 1026 1336 exemplo
1048 1291 1145 1336 paulo
1162 1294 1239 1325 ante

186 1343 364 1384 habuistis,
399 1343 540 1378 eundem
575 1355 651 1377 mox
684 1344 718 1377 in
746 1342 939 1378 {estimanda
967 1344 1103 1376 fortuna
1131 1346 1240 1376 vestra

159 1394 381 1435 2habueritis,
406 1394 556 1437 vicimus,
580 1394 712 1429 milites.
762 1394 881 1439 Neque
904 1394 991 1428 enim
1012 1393 1240 1438 spectaculum

188 1445 286 1480 modo
303 1445 384 1480 illud
402 1445 460 1480 sed
484 1445 632 1491 quaedam
651 1445 755 1480 veluti
777 1445 887 1487 imago
906 1451 1024 1479 vestrae
1042 1444 1240 1479 conditionis

160 1500 271 1532 Berat.
321 1498 371 1531 Ac
394 1497 506 1531 nescio
531 1509 573 1531 an
600 1497 723 1542 majora
746 1496 877 1531 vincula
901 1496 1107 1541 majoresque
1130 1507 1240 1530 neces-

189 1548 307 1582 sitates
336 1547 430 1582 vobis
461 1561 559 1593 quam
586 1548 726 1593 captivis
751 1548 871 1582 vestris
898 1547 1032 1581 fortuna
1060 1546 1241 1582 circumde-

189 1599 297 1633 derit:
325 1599 444 1634 dextra
467 1599 614 1645 laevaque
640 1599 706 1634 duo
732 1599 836 1634 maria
863 1598 1023 1633 claudunt
1052 1598 1175 1632 nullam
1200 1610 1241 1632 ne

190 1651 231 1685 ad
261 1651 421 1696 effugium
448 1651 581 1696 quidem
606 1663 722 1685 navem
752 1650 961 1691 habentibus,
988 1653 1104 1684 contra
1128 1649 1240 1683 Padus

191 1702 452 1746 amnis—major
470 1702 581 1736 Padus
596 1714 633 1736 ac
647 1702 821 1736 violentior
839 1701 1003 1736 Rhodano
1016 1720 1071 1742 —‚
1087 1700 1126 1734 ab
1143 1704 1239 1745 tergo

193 1753 296 1799 Alpes
313 1757 437 1799 urgent
456 1754 510 1788 vix
528 1753 669 1799 integris
688 1752 781 1788 vobis
803 1765 841 1788 ac
861 1751 1051 1798 vigentibus
1073 1751 1224 1786 transitae
1236 1768 1251 1788 z,
