1298 1921
426 19 514 50 LIB.
539 19 664 50 XXIV.
692 21 782 51 1—3.
1071 20 1130 51 201

87 62 128 130 {id
137 61 341 130 cgigtbnem
373 93 638 140 oppugnandum
669 97 816 140 pergunt
841 93 898 136 ire,
926 94 1076 129 Graecam
1100 96 1135 129 et

85 147 191 192 ipsam
210 145 325 181 urbem
343 147 377 180 et
400 146 608 188 maritimam,
628 145 809 190 plurimum
831 157 1042 180 accessurum
1065 146 1136 191 opi-

86 197 157 239 bus,
177 197 205 232 si
227 198 262 232 in
282 209 340 231 ora
356 196 455 231 maris
480 197 597 232 urbem
620 209 658 232 ac
679 203 814 243 portum
839 197 1004 232 moenibus
1026 197 1135 232 valida

86 249 285 291 tenuissent,
312 248 496 283 credentes.
546 248 597 283 Ea
628 260 708 284 cura
732 248 886 295 angebat,
913 248 1002 295 qnod
1026 253 1163 294 neqne3

31 327 35 331 -
85 312 152 336 non
181 311 348 335 accersere
377 299 419 334 ad
453 299 612 334 auxilium
636 300 757 335 Poenos
782 299 863 334 satis
893 299 1060 335 audebant
1092 312 1134 334 ne

85 352 166 398 quid
197 364 266 386 non
296 363 358 397 pro
391 351 488 386 sociis
518 352 626 398 egisse
652 351 855 394 viderentur,
882 354 926 394 et,
953 351 982 386 si
1008 351 1134 386 Poenus

84 416 200 438 rursus
225 403 330 449 magis
357 402 482 438 arbiter
505 403 594 449 pacis
620 415 718 449 quam
743 402 877 448 adjutor
900 402 978 438 belli
1003 403 1134 445 fuisset,

84 467 126 490 ne
143 455 177 490 in
193 455 382 490 libertatern
405 455 562 490 Crotonis
585 455 672 490 sicut
697 458 774 489 ante
799 455 985 489 Locrorum
1008 455 1134 489 frustra

84 509 310 552 pugnaretur:
337 508 451 553 itaque
468 507 630 552 optimum
652 506 761 541 visum
778 510 830 541 est
847 505 889 541 ad
909 506 1133 542 Hannibalem

84 559 173 593 mitti
195 558 326 603 legatos
349 559 523 603 caverique
544 558 584 593 ab
609 570 648 593 eo
672 561 711 592 ut
730 560 883 601 receptus
906 558 1009 593 Croto
1032 558 1134 593 Brut-

84 610 207 645 tiorum
224 613 323 645 esset.
372 609 541 645 Hannibal
560 622 661 655 quum
680 611 895 654 praesentium
913 621 984 644 eam
1002 611 1162 644 consul-4

83 662 244 696 tationem
270 673 342 696 esse
366 661 594 706 respondisset
619 664 652 696 et
677 660 717 695 ad
742 661 942 695 Hannonem
968 673 1024 695 eos
1048 661 1132 706 reje-

84 713 193 754 cisset,
227 712 268 748 ab
300 713 468 747 Hannone
501 713 583 747 nihil
616 712 700 747 certi
733 711 890 747 ablatum.
940 712 1015 747 Nec
1043 713 1161 747 enim5

84 764 181 810 diripi
213 763 369 799 volebant
401 764 545 799 nobilem
578 767 680 809 atque
717 763 908 809 opulentam
942 763 1057 798 urbem
1097 767 1131 799 et

83 815 270 861 sperabant,
289 828 392 861 quum
409 815 566 850 Bruttius
592 818 812 861 oppugnaret,
832 815 952 849 Poenos
974 827 1036 850 nec
1056 827 1132 861 pro-

39 875 42 878 ’
84 868 161 902 bare
178 879 239 902 nec
253 867 370 912 juvare
395 879 465 902 eam
485 866 766 912 oppugnationem
793 869 979 911 appareret,
998 878 1037 901 eo
1060 879 1128 901 ma-

83 918 192 952 turius
209 917 252 953 ad
275 930 310 953 se
327 917 528 953 defecturos.
580 918 726 953 Crotone
748 930 810 953 nec
833 917 1006 952 consilium
1027 930 1129 952 unum
1142 923 1160 952 6

83 969 171 1004 inter
193 969 368 1015 populares
391 982 452 1004 nec
474 969 628 1004 voluntas
652 973 745 1004 erat:
772 981 859 1004 uuus
882 971 973 1004 velut
996 969 1131 1005 morbus

83 1021 251 1056 invaserat
268 1033 382 1056 omnes
406 1020 515 1055 Italiae
538 1021 690 1056 civitates
707 1023 747 1055 ut
771 1020 881 1065 plebes
899 1020 939 1055 ab
962 1021 1131 1066 optimati-

84 1071 145 1107 bus
171 1071 398 1114 dissentirent,
418 1075 553 1107 senatus
578 1072 739 1107 Romanis
764 1072 891 1107 faveret
914 1075 947 1107 et
969 1073 1063 1117 plebs
1088 1074 1130 1108 ad

83 1124 204 1159 Poenos
229 1136 298 1159 rem
321 1124 480 1158 traheret.
529 1124 613 1158 Eam
636 1123 875 1158 dissensionem
892 1124 927 1158 in
949 1125 1032 1159 urbe
1057 1129 1158 1171 per-'7

84 1174 164 1219 fuga
189 1176 321 1210 nuntiat
346 1175 511 1210 Bruttiis:
546 1175 816 1210 Aristomachum
842 1189 914 1211 esse
946 1177 1130 1223 principem

85 1226 188 1270 plebis
216 1226 450 1273 tradendaeque
480 1230 651 1262 auctorem
681 1227 782 1268 urbis,
809 1230 843 1262 ct
870 1228 905 1262 in
929 1232 1024 1262 vasta
1047 1229 1130 1264 urbe

83 1277 216 1324 lataque
239 1277 391 1312 omnibus
409 1279 556 1324 disjectis
577 1278 741 1313 moenibus
760 1291 851 1314 raras
875 1280 1037 1314 stationes
1055 1292 1129 1315 cus-

83 1329 257 1375 todiasque
270 1333 460 1364 senatorum
478 1342 566 1364 esse:
593 1343 801 1376 quacumque
815 1331 1006 1366 custodiant
1024 1331 1128 1377 plebis

83 1380 242 1422 homines,
261 1392 300 1415 ea
325 1386 438 1426 patere
464 1381 601 1416 aditum.
650 1383 798 1416 Auctore
824 1394 862 1416 ac
884 1381 966 1417 duce
989 1383 1159 1429 perfugaS

82 1431 211 1466 Bruttii
238 1443 359 1467 corona
391 1432 569 1467 cinxerunt
593 1432 710 1467 urbem
743 1434 936 1479 acceptique
968 1433 1008 1469 ab
1034 1434 1128 1479 plebe

82 1483 189 1526 primo
217 1483 344 1528 impetu
377 1495 507 1518 omnem
539 1489 660 1529 praeter
692 1496 800 1519 arcem
833 1497 958 1531 cepere.
1006 1487 1157 1522 Arcem9

82 1534 261 1579 optimates
279 1534 438 1569 tenebant
454 1538 639 1581 praeparato
652 1538 723 1580 jam
746 1539 822 1571 ante
840 1537 880 1571 ad
897 1537 998 1572 talem
1015 1549 1129 1573 casum

82 1585 257 1631 perfugio:
284 1586 400 1621 eodem
416 1587 669 1621 Aristomachus
690 1587 847 1632 perfugit,
866 1591 1036 1635 tamqnam
1053 1589 1129 1625 Poe-

81 1636 133 1671 nis
149 1649 216 1671 non
232 1637 377 1672 Bruttiis
395 1641 511 1673 auctor
527 1638 618 1673 urbis
636 1638 805 1675 tradendae
822 1639 950 1675 fuisset.

129 1688 220 1737 Urbs
242 1688 345 1724 Croto
370 1701 503 1724 murum
527 1689 562 1724 in
588 1689 731 1725 circuitu
755 1693 927 1735 patentem
953 1688 1194 1731 duodecimffi)

82 1739 183 1774 millia
199 1751 358 1785 passuum
371 1739 488 1776 habuit
506 1743 582 1776 ante
595 1741 716 1787 Pyrrhi
733 1741 767 1776 in
779 1742 912 1778 Italiam
930 1743 1126 1779 adventum:
