1298 1921
380 80 469 111 LIB.
494 79 620 110 XXIV.
646 81 782 110 23—25.
1041 82 1104 111 229

51 123 129 192 ἓῇεἳ)
143 121 263 191 2dtiiilos
286 155 410 201 posuit.
459 155 505 190 Et
527 154 658 190 senatui
682 153 815 201 quidem
839 156 907 189 tam
926 165 1002 200 Jure
1027 155 1136 190 eaesi5

51 221 150 256 quam
168 208 396 253 Hieronymus
421 207 630 249 videbantur,
650 213 727 242 ante
744 207 869 242 curiam
887 207 986 242 variae
1003 210 1105 253 atque

51 260 186 295 incertae
211 272 321 294 rerum
346 258 572 294 multitudinis
597 259 721 294 clamor
749 264 833 293 erat.
884 258 996 297 Quam
1020 259 1136 294 sero-6

50 312 134 346 citer
166 311 376 346 minitantem
403 311 439 345 in
464 310 630 345 vestibulo
655 310 756 345 curiae
780 321 919 355 corpora
951 312 1105 355 conjura-

50 366 161 398 torum
196 375 234 398 eo
266 366 359 397 metu
392 366 672 408 compresserunt,
702 365 741 397 ut
774 361 910 397 silentes
939 362 1104 408 integram

50 415 181 461 plebem
212 415 248 449 in
280 415 472 449 concionem
505 419 734 460 sequerentur.
795 413 1135 460 Sopatro.manda-7

51 469 124 501 tum
141 468 182 501 ab
199 469 319 501 senatu
336 470 370 501 et
394 478 412 500 a
429 466 564 512 collegis
587 469 626 500 ut
646 466 749 500 verba
770 465 906 500 faceret.
956 465 1001 508 Is,
1018 468 1103 500 tam-
1116 458 1200 502 (25)

51 530 150 564 quam
174 530 247 552 reos
271 525 393 562 ageret,
413 517 453 552 ab
477 522 554 552 ante
571 520 648 552 acta
670 517 739 552 vita
761 529 868 560 orsus,
886 528 1104 562 quaecumque

50 574 128 614 post
145 569 305 604 Hieronis
323 573 464 603 mortem
482 568 621 603 sceleste
639 571 740 614 atque
756 568 857 614 impie
874 568 964 603 facta
981 570 1105 609 essent,

51 620 330 655 Andranodorum
344 632 382 655 ac
394 620 604 655 Themistum
618 620 730 664 arguit
744 620 874 654 fecisse.
916 618 1005 662 Quid
1017 619 1105 654 enim
1119 621 1138 650 2

52 685 113 707 sua
141 675 260 718 sponte
289 671 407 706 fecisse
440 671 696 717 Hieronymum,
723 683 865 717 puerum
898 683 936 706 ac
968 670 1107 706 vixdum

52 723 288 770 pubescentem
306 724 414 758 faeere
428 723 605 768 potuisse?
631 726 762 757 tutores
781 735 819 758 ae
836 723 1016 768 magistros
1034 725 1108 768 ejus

52 775 114 810 sub
140 775 246 809 aliena
270 774 395 809 invidia
414 775 589 820 regnasse:
616 774 730 820 itaque
753 777 812 809 aut
837 778 915 809 ante
940 774 1109 820 Hierony-

52 839 143 861 mum
171 828 229 861 aut
257 829 348 861 certe
375 837 451 861 cum
479 826 687 872 Hieronymo
715 826 823 871 perire
856 838 912 860 eos
942 825 1106 860 debuisse.

52 879 99 913 At
133 877 206 912 illos
239 877 369 912 debitos
397 879 469 922 jam
506 877 607 912 morti
640 876 894 923 destinatosque
928 877 992 911 alia
1022 878 1141 911 nova-'3

52 928 178 964 scelera
210 931 286 974 post
325 932 467 963 mortem
502 928 638 974 tyranni
669 928 813 972 molitos,
847 928 955 974 palam
987 928 1105 973 primo,

53 993 155 1026 quum
177 980 297 1015 clausis
320 979 584 1015 Andranodorus
609 980 735 1015 Insulae
757 980 865 1025 portis
887 979 1109 1015 hereditatem

52 1032 148 1078 regni
171 1032 312 1067 creverit
330 1035 375 1072 et,
393 1044 466 1077 quae
490 1034 686 1076 procurator
703 1034 870 1072 tenuerat,
889 1043 951 1076 pro
975 1031 1108 1066 domino

52 1082 258 1129 possederit:
285 1082 438 1129 proditus
459 1082 577 1118 deinde
601 1083 641 1118 ab
664 1083 712 1117 eis
733 1083 790 1129 qui
807 1083 842 1117 in
862 1082 980 1118 Insula
1000 1086 1106 1125 erant,

52 1134 292 1169 circumsessus
325 1134 367 1169 ab
406 1134 562 1169 unive1sa
593 1134 740 1177 civitate,
775 1147 849 1180 quae
882 1134 1106 1169 Achradinam

51 1186 208 1228 tenuerit,
222 1185 423 1232 nequiquam
437 1185 544 1231 palam
558 1191 658 1232 atque
677 1189 790 1232 aperte
805 1186 949 1232 petitum
967 1198 1108 1232 regnum

51 1237 135 1272 clam
149 1241 183 1272 et
201 1237 276 1272 dolo
290 1237 458 1272 adfectare
470 1240 610 1272 conatus
628 1237 682 1280 sit,
696 1242 730 1272 et
743 1250 784 1272 ne
798 1237 958 1273 beneficio
973 1237 1105 1283 quidem

51 1291 153 1334 atque
186 1289 311 1324 honore
343 1289 492 1335 potuerit
525 1289 622 1331 vinei,
654 1302 757 1335 quum
789 1290 879 1324 inter
911 1289 1107 1324 liberatores

52 1340 170 1386 patriae
195 1340 372 1375 insidiator
395 1341 467 1385 ipse
496 1340 662 1375 libertatis
687 1344 821 1375 creatus
847 1343 937 1376 esset
961 1343 1105 1386 praetor:

52 1393 111 1428 sed
140 1393 267 1428 animos
293 1393 341 1428 eis
374 1393 485 1437 regios
514 1394 623 1439 regias
656 1396 816 1440 conjuges
851 1394 979 1436 fecisse,
1008 1394 1108 1428 alteri

52 1444 212 1479 Hieronis
238 1445 334 1479 alteri
352 1445 486 1479 Gelonis
504 1445 587 1479 filias
610 1448 746 1491 nuptas.
797 1445 866 1481 Sub
884 1445 970 1480 hanc
986 1457 1107 1485 ,vocem
1120 1446 1141 1476 4

51 1508 94 1531 ex
123 1496 277 1531 omnibus
302 1496 453 1542 partibus
486 1497 655 1532 concionis
689 1496 813 1532 clamor
837 1497 955 1542 oritur,
980 1496 1107 1532 nullam

51 1559 166 1582 earum
187 1548 303 1583 vivere
327 1547 448 1583 debere
472 1560 534 1583 nec
563 1560 763 1594 quemquam
789 1561 962 1594 superesse
993 1551 1108 1595 tyran-

50 1611 170 1634 norum
193 1599 317 1644 stirpiS.
367 1599 417 1634 Ea
439 1603 560 1634 natura
583 1599 808 1635 multitudinis
834 1604 896 1644 est,
918 1603 976 1635 aut
1002 1600 1138 1635 servit5

51 1650 223 1685 humiliter
238 1654 298 1686 aut
316 1651 458 1696 superbe
476 1651 675 1693 dominatur,
687 1651 887 1694 libertatem,
907 1665 980 1698 quae
997 1651 1107 1687 media

52 1709 114 1743 est,
148 1713 210 1736 nec
242 1714 365 1747 cupere
398 1702 527 1738 modice
558 1715 621 1738 nec
653 1703 776 1738 habere
809 1704 938 1739 sciunt:
973 1706 1007 1739 et
1036 1715 1106 1737 non

52 1752 156 1788 ferme
184 1754 307 1788 desunt
335 1754 460 1788 irarum
485 1754 698 1799 indulgentes
723 1755 878 1797 ministri,
906 1755 964 1801 qui
990 1754 1105 1789 avidos

54 1808 155 1850 atque
171 1804 433 1850 intemperantes
446 1806 688 1851 suppliciorum
705 1806 831 1842 animos
849 1806 891 1842 ad
908 1806 1105 1852 sanguinem
