1298 1921
362 31 452 62 LIB.
477 31 614 62 XXIII.
639 33 689 68 29,
707 32 760 62 30.
1033 32 1094 63 173

43 73 206 104 A.C.216.]

43 106 142 141 dubie
159 108 319 152 superant
336 119 343 141 :
369 118 490 151 magna
505 106 556 141 vis
580 105 752 141 hominum
769 104 815 140 ibi
840 105 959 147 occisa,
979 108 1014 140 et
1030 105 1096 140 nisi

43 157 188 203 Hispani
213 156 349 192 vixdum
372 161 526 192 conserto
549 156 665 202 proelio
690 160 760 191 tam
785 157 890 191 effuse
914 156 1094 202 fugissent,

43 208 200 254 perpauci
223 220 264 243 ex
286 211 360 242 tota
381 208 627 253 superfuissent
650 207 730 243 acie.
782 207 957 253 Equestris
984 220 1096 253 pugna
1113 212 1149 241 11

43 260 134 296 nulla
161 260 338 295 admodum
370 260 449 301 fuit,
481 261 567 306 quia,
597 260 696 295 simul
728 259 920 295 inclinatam
953 259 1097 295 mediam

43 311 145 347 aciem
162 310 276 346 Mauri
290 311 512 355 Numidaeque
530 311 696 353 viderunt,
713 311 880 356 extemplo
898 311 979 357 fuga
992 312 1098 346 effusa

43 362 133 398 nuda
150 374 274 397 cornua
299 362 485 408 elephantis
509 375 640 409 quoque
657 375 726 408 prae
744 375 779 397 se
805 363 888 397 actis
909 362 1096 397 deseruere.

43 414 89 449 Et
109 412 302 448 Hasdrubal
318 425 426 459 usque
443 413 485 449 ad
505 414 661 448 ultimum
679 417 834 448 eventum
855 426 976 459 pugnae
994 426 1099 448 mora-
1116 417 1155 447 12

43 467 101 499 tus
127 476 145 499 e
167 463 277 499 media
302 464 392 499 caede
415 477 491 500 cum
514 465 628 511 paucis
654 465 792 510 effugit:
819 467 930 500 castra
954 464 1099 499 Romani

44 528 162 560 cepere
194 518 295 561 atque
328 515 504 561 diripuere.
552 516 603 551 Ea
635 528 757 561 pugna,
786 515 814 550 si
847 528 912 562 qua
937 515 1038 551 dubia
1065 516 1100 551 in
1117 520 1155 549 13

47 567 214 613 Hispania
236 569 342 608 erant,
360 567 523 602 Romanis
549 566 711 612 adjunxit,
738 567 1010 612 Hasdrubalique
1032 579 1101 602 non

44 618 143 653 modo
160 618 195 653 in
219 617 353 652 Italiam
377 618 576 665 traducendi
601 618 769 653 exercitus
796 618 855 653 sed
877 631 920 653 ne
945 618 1100 653 manendi

45 669 180 716 quidem
203 669 284 704 satis
307 672 383 704 tuto
405 669 441 704 in
461 669 630 714 Hispania
654 682 747 714 spem
767 669 959 715 reliquerat.
1010 670 1099 708 Quze
1117 674 1158 703 14

45 724 264 767 posteaquam
280 720 402 755 litteris
420 720 613 766 Scipionum
633 720 751 755 Romae
768 721 906 766 vulgata
923 723 1012 763 sunt,
1032 733 1100 756 non

45 775 115 807 tam
146 771 286 807 victoria
313 783 414 817 quam
445 771 614 818 prohibito
646 771 871 807 Hasdrubalis
901 772 935 808 in
963 772 1097 808 Italiam

45 823 193 858 transitu
208 822 418 858 laetabantur.

92 875 184 909 Dum
207 874 278 910 haec
300 874 335 909 in
359 874 527 920 Hispania
548 876 724 919 geruntur,
742 874 873 910 Petelia
893 875 928 909 in
947 875 1094 910 Bruttiis
1108 873 1194 915 (30)

46 924 173 972 aliquot
192 928 270 970 post
295 925 466 961 mensibus
489 938 588 972 quam
611 929 721 972 coepta
745 926 934 973 oppugnari
959 933 1031 962 erat
1056 927 1097 961 ab

46 976 238 1012 Himilcone
254 976 414 1022 praefecto
436 977 638 1012 Hannibalis
656 981 851 1023 expugnata
873 981 935 1013 est.
984 978 1099 1013 Multo
1114 985 1133 1014 2

47 1029 210 1075 sanguine
239 1041 278 1064 ac
303 1028 497 1064 vulneribus
530 1041 569 1064 ea
597 1029 709 1064 Poenis
736 1029 877 1065 victoria
903 1030 1010 1072 stetit,
1039 1042 1100 1065 nec

46 1081 115 1116 ulla
138 1081 245 1127 magis
265 1081 315 1116 vis
336 1081 489 1117 obsessos
515 1094 614 1128 quam
635 1081 741 1117 fames
767 1083 983 1128 expugnavit.
1034 1083 1100 1118 Ab·
1116 1087 1135 1117 3

46 1133 190 1178 sumptis
207 1132 296 1167 enim
312 1132 450 1178 frugum
464 1132 630 1168 alimentis
648 1133 823 1180 carnisque
841 1134 949 1169 omnis
967 1135 1101 1180 generis

47 1183 301 1230 quadrupedum
318 1188 423 1219 suetae
439 1184 648 1230 insuetaeque
664 1188 836 1230 postremo
858 1185 957 1220 coriis
974 1185 1102 1220 herbis-

47 1247 112 1288 que
132 1238 166 1270 et
189 1234 357 1270 radicibus
380 1238 414 1270 et
439 1235 620 1271 corticibus
642 1236 768 1271 teneris
792 1236 987 1282 strictisque
1009 1237 1102 1272 rubis

46 1282 170 1323 vixere,
192 1293 254 1317 nec
276 1284 364 1325 ante,
386 1294 485 1328 quam
509 1283 597 1317 vires
621 1282 662 1317 ad
685 1282 844 1318 standum
867 1296 903 1318 m
927 1283 1031 1318 muris
1054 1284 1102 1318 fe-

45 1332 215 1379 rendaque
237 1345 329 1368 arma
351 1309 499 1376 deerant,
517 1333 706 1391 expugnati
723 1337 814 1369 sunt.
864 1334 1017 1380 Recepta
1040 1335 1101 1370 Pe·
1113 1342 1134 1372 4

45 1383 127 1418 telia
142 1383 267 1419 Poenus
284 1382 326 1418 ad
343 1383 560 1419 Consentiam
578 1384 689 1430 copias
703 1384 862 1427 traducit,
875 1398 973 1432 quam
990 1386 1102 1421 minus

46 1435 264 1482 pertinaciter
289 1434 458 1470 defensam
483 1436 573 1471 intra
596 1448 722 1481 paucos
748 1436 819 1471 dies
836 1437 873 1471 in
898 1437 1103 1473 deditionem

48 1486 187 1532 accepit.
235 1485 350 1521 Isdem
366 1486 474 1522 ferme
498 1486 616 1522 diebus
641 1490 676 1522 et
692 1487 907 1523 Bruttiorum
930 1489 1103 1524 exercitus
1117 1496 1136 1526 5

49 1538 228 1573 Crotonem
246 1538 396 1572 Graecam
412 1537 530 1573 urbem
547 1538 773 1583 circumsedit,
791 1540 983 1585 opulentam
1001 1553 1105 1586 quon-

49 1589 125 1623 dam
153 1588 254 1624 armis
282 1588 439 1635 virisque,
465 1592 540 1624 tum
561 1592 633 1635 jam
657 1589 739 1625 adeo
763 1591 880 1626 multis
909 1592 1106 1638 magnisque

49 1639 200 1675 cladibus
225 1639 404 1683 adflictam,
420 1643 461 1676 ut
477 1641 586 1676 omnis
611 1642 721 1677 aetatis
738 1642 849 1677 minus
866 1643 988 1690 viginti
1005 1644 1107 1678 millia

48 1690 174 1726 civium
197 1695 422 1736 superessent.
471 1692 594 1738 Itaque
611 1692 694 1728 urbe
711 1705 730 1728 a
755 1693 987 1730 defensoribus
1012 1698 1139 1731 vastae

50 1741 147 1779 facile
169 1741 271 1789 potiti
289 1742 403 1779 hostes
428 1746 530 1779 sunt:
557 1755 618 1779 arx
636 1747 770 1780 tantum
787 1748 930 1789 retenta,
948 1747 984 1782 in
1009 1759 1108 1794 quam
