1298 1921
408 37 498 69 LIB.
524 37 620 69 XXI.
646 39 781 69 38—40.
1080 40 1122 69 39

71 81 104 106 A.
117 80 145 105 c.
159 77 231 112 2184

70 117 137 154 tus,
164 114 455 159 convenerantque
480 111 582 148 duces
609 112 655 148 sic
678 112 731 147 uti
755 112 844 148 inter
875 123 910 147 se
942 124 1013 147 non
1043 111 1123 148 dum

70 164 152 200 satis
169 164 252 208 noti,
270 164 318 199 ita
331 164 399 210 jam
417 163 567 199 imbutus
585 167 727 210 uterque
744 164 886 210 quadam
904 164 1123 201 admiratione

70 215 219 250 alterius.
269 215 360 250 Nam
377 215 579 251 Hannibalis
604 218 638 250 et
661 215 751 262 apud
773 216 943 251 Romanos
960 217 1027 262 jam
1045 220 1154 252 ante4

71 267 214 313 Sagunti
237 266 405 301 excidium
429 266 681 302 celeberrimum
706 279 828 302 nomen
852 270 934 309 erat,
961 271 996 303 et
1021 268 1125 314 Scipi-

70 329 167 353 onem
189 317 361 352 Hannibal
383 329 422 353 eo
448 318 531 363 ipso,
556 317 646 364 quod
674 318 833 353 adversus
863 331 898 354 se
925 318 993 353 dux
1019 319 1125 365 potis-

70 369 192 404 simum
216 368 323 404 lectus
349 371 448 409 esset,
476 372 691 414 praestantem
720 370 828 404 virum
861 369 1029 405 credebat.
1077 370 1154 405 Et5

70 423 232 455 auxerant
257 420 345 455 inter
370 432 405 455 se
428 420 628 466 opinionem,
659 421 778 466 Scipio,
810 421 899 467 quod
922 421 1060 456 relictus
1089 421 1125 457 in

71 471 178 506 Gallia
197 471 316 507 obvius
341 471 451 507 fuerat
472 471 507 506 in
530 472 664 507 Italiam
691 476 902 518 transgresso
929 472 1123 515 Hannibali,

71 523 241 558 Hannibal
263 528 297 558 et
321 526 444 558 conatu
466 526 536 558 tam
562 523 679 559 audaci
695 524 965 570 trajiciendarum
987 524 1126 570 Alpium

70 578 104 610 et
122 575 256 609 effectu.

117 626 303 671 Occupavit
335 630 448 661 tamen
488 626 598 672 Scipio
636 626 766 661 Padum
804 627 969 672 trajicere,
1008 629 1043 662 et
1083 626 1154 662 ad6

70 677 223 712 Ticinum
246 689 375 712 amnem
399 677 499 712 motis
524 677 654 720 castris,
682 678 875 724 priusquam
905 678 1062 714 educeret
1089 678 1125 713 in

71 729 185 772 aciem,
207 728 489 763 adhortandorum
513 728 666 764 militum.
687 741 788 764 causa
812 729 912 765 talem
938 731 1122 765 orationem

71 783 123 815 est
145 792 305 815 exorsus:
332 783 352 798 “
365 780 401 814 Si
422 792 498 815 eum
517 780 714 824 exercitum,
736 781 870 824 milites,
893 781 1069 816 educerem
1088 777 1219 820 in(40)

71 831 185 873 aciem,
219 844 317 877 quem
350 831 386 866 in
418 831 524 866 Gallia
555 844 687 866 mecum
718 832 830 874 habui,
861 832 1125 878 supersedissem

71 881 161 928 loqui
184 882 275 927 apud
298 894 377 917 vos:
405 882 485 928 quid
509 883 597 917 enim
623 883 794 918 adhortari
819 884 959 919 referret
984 888 1043 918 aut
1068 895 1125 919 eos

72 934 212 979 equites,
239 933 296 979 qui
321 934 509 979 equitatum
534 934 682 968 hostium
707 934 749 969 ad
775 935 975 970 Rhodanum
1000 935 1127 970 flumen

73 985 206 1031 egregie
227 985 394 1028 vicissent,
412 988 470 1020 aut
493 997 548 1020 eas
570 985 728 1031 legiones,
753 998 828 1021 cum
855 987 976 1032 quibus
1000 987 1128 1032 fugien-

73 1039 142 1071 tem
159 1037 247 1071 hunc
264 1036 373 1082 ipsum
391 1036 522 1071 hostem
540 1040 703 1082 sequutus
717 1038 959 1073 confessionem
976 1037 1127 1073 cedentis

74 1099 112 1122 ac
144 1087 363 1122 detractantis
396 1091 567 1123 certamen
599 1100 658 1134 pro
690 1089 832 1124 victoria
860 1089 989 1125 habui?
1024 1101 1124 1131 nunc,

75 1139 153 1186 quia
168 1139 222 1174 ille
240 1140 407 1174 exercitus
426 1139 600 1185 Hispaniae
618 1140 794 1185 provinciae
813 1141 960 1186 scriptus
983 1141 1029 1176 ibi
1052 1153 1130 1176 cum

74 1190 178 1225 fratre
207 1190 268 1225 Cn.
288 1191 442 1236 Scipione
468 1190 550 1225 meis
578 1191 734 1236 auspiciis
756 1204 826 1226 rem
849 1192 949 1238 gerit,
972 1192 1030 1227 ubi
1052 1205 1130 1227 eum

74 1253 190 1288 gerere
224 1245 361 1276 senatus
394 1241 606 1288 populusque
635 1242 808 1277 Romanus
836 1243 954 1285 voluit,
986 1255 1060 1289 ego,
1090 1246 1129 1278 ut

75 1292 244 1328 consulem
261 1292 380 1328 ducem
399 1292 559 1327 adversus
577 1293 801 1328 Hannibalem
825 1306 864 1329 ac
886 1294 1007 1329 Poenos
1031 1294 1131 1329 habe-

75 1344 168 1386 retis,
194 1344 265 1390 ipse
290 1356 342 1379 me
367 1344 446 1379 huic
475 1344 662 1379 voluntario
692 1345 867 1380 certamini
895 1345 1014 1389 obtuli,
1043 1358 1131 1381 novo

76 1395 269 1441 imperatori
300 1395 389 1441 apud
421 1407 525 1430 novos
557 1395 680 1430 milites
713 1408 819 1442 pauca
850 1397 951 1432 verba
980 1397 1132 1432 facienda

77 1450 166 1482 sunt.
216 1446 271 1482 Ne
293 1459 399 1493 genus
422 1446 501 1482 belli
523 1459 606 1482 neve
629 1447 760 1482 hostem
784 1447 956 1494 ignoretis,
980 1461 1057 1484 qun
1078 1449 1161 1484 his2

77 1500 129 1532 est
162 1497 267 1540 vobis,
305 1498 438 1539 milites,
473 1498 700 1544 pugnandum,
739 1511 822 1544 quos
860 1502 951 1534 terra
981 1500 1131 1546 marique

77 1548 188 1594 priore
217 1548 303 1583 bello
330 1549 469 1591 vicistis,
497 1561 518 1583 a
544 1549 665 1594 quibus
692 1549 896 1595 stipendium
923 1563 983 1597 per
1010 1551 1132 1597 viginti

78 1611 182 1634 annos
200 1600 371 1646 exegistis,
389 1612 408 1634 a
425 1599 546 1646 quibus
565 1603 666 1645 capta
682 1600 760 1636 belli
776 1602 912 1648 praemia
930 1602 1075 1637 Siciliam
1092 1615 1131 1638 ac

79 1650 266 1685 Sardiniam
299 1651 439 1686 habetis.
487 1651 564 1686 Erit
597 1651 702 1697 igitur
733 1652 769 1687 in
801 1653 865 1688 hoc
892 1654 1074 1689 certamine
1102 1654 1160 1690 isss

78 1702 173 1737 vobis
190 1702 320 1748 illisque
338 1702 477 1746 animus,
495 1702 552 1748 qui
568 1702 752 1738 victoribus
769 1710 804 1738 et
820 1704 919 1740 victis
936 1717 1010 1740 esse
1034 1705 1129 1740 solet.

79 1753 154 1789 Nec
175 1765 265 1789 nunc
281 1753 338 1794 illi,
359 1754 437 1799 quia
453 1753 577 1789 audent
598 1753 658 1790 sed
674 1754 752 1799 quia
767 1768 903 1792 necesse
920 1758 983 1800 est,
1005 1769 1132 1804 pugna-
