<?xml version="1.0" encoding="UTF-8"?>
<!DOCTYPE html PUBLIC "-//W3C//DTD XHTML 1.0 Transitional//EN"
    "http://www.w3.org/TR/xhtml1/DTD/xhtml1-transitional.dtd">
<html xmlns="http://www.w3.org/1999/xhtml" xml:lang="en" lang="en">
 <head>
  <title>
</title>
<meta http-equiv="Content-Type" content="text/html;charset=utf-8" />
  <meta name='ocr-system' content='tesseract 3.04.00' />
  <meta name='ocr-capabilities' content='ocr_page ocr_carea ocr_par ocr_line ocrx_word'/>
</head>
<body>
  <div class='ocr_page' id='page_1' title='image "./booksxxixxivwith00livyuoft_0155.png"; bbox 0 0 1298 1921; ppageno 0'>
   <div class='ocr_carea' id='block_1_1' title="bbox 0 0 32 10">
    <p class='ocr_par' dir='ltr' id='par_1_1' title="bbox 0 0 32 10">
     <span class='ocr_line' id='line_1_1' title="bbox 0 0 32 10; baseline 0 -5"><span class='ocrx_word' id='word_1_1' title='bbox 0 0 32 10; x_wconf 74' lang='lat' dir='ltr'>r-</span> 
     </span>
    </p>
   </div>
   <div class='ocr_carea' id='block_1_2' title="bbox 32 59 1082 140">
    <p class='ocr_par' dir='ltr' id='par_1_2' title="bbox 32 59 1082 140">
     <span class='ocr_line' id='line_1_2' title="bbox 374 59 1082 97; baseline 0.001 -8"><span class='ocrx_word' id='word_1_2' title='bbox 374 59 462 90; x_wconf 86' lang='lat' dir='ltr'><strong>LIB.</strong></span> <span class='ocrx_word' id='word_1_3' title='bbox 487 59 603 89; x_wconf 86' lang='lat' dir='ltr'>XXII.</span> <span class='ocrx_word' id='word_1_4' title='bbox 621 60 672 97; x_wconf 86' lang='lat'>59,</span> <span class='ocrx_word' id='word_1_5' title='bbox 688 60 739 90; x_wconf 91' lang='grc'>60.</span> <span class='ocrx_word' id='word_1_6' title='bbox 1022 59 1082 90; x_wconf 85' lang='grc'>133</span> 
     </span>
     <span class='ocr_line' id='line_1_3' title="bbox 32 99 197 140; baseline -0.006 -14"><span class='ocrx_word' id='word_1_7' title='bbox 32 102 67 126; x_wconf 73' lang='lat' dir='ltr'>A.</span> <span class='ocrx_word' id='word_1_8' title='bbox 81 102 110 126; x_wconf 85' lang='lat' dir='ltr'>c.</span> <span class='ocrx_word' id='word_1_9' title='bbox 125 99 197 140; x_wconf 69' lang='lat'>216.)</span> 
     </span>
    </p>
   </div>
   <div class='ocr_carea' id='block_1_3' title="bbox 0 133 1139 1820">
    <p class='ocr_par' dir='ltr' id='par_1_3' title="bbox 28 133 1114 641">
     <span class='ocr_line' id='line_1_4' title="bbox 31 133 1114 180; baseline 0 -11"><span class='ocrx_word' id='word_1_10' title='bbox 31 146 104 170; x_wconf 81' lang='lat' dir='ltr'>rare</span> <span class='ocrx_word' id='word_1_11' title='bbox 122 137 239 179; x_wconf 78' lang='lat' dir='ltr'>patlar.</span> <span class='ocrx_word' id='word_1_12' title='bbox 287 133 402 179; x_wconf 91' lang='lat' dir='ltr'>Atque</span> <span class='ocrx_word' id='word_1_13' title='bbox 418 133 547 168; x_wconf 81' lang='lat' dir='ltr'>utinam</span> <span class='ocrx_word' id='word_1_14' title='bbox 569 133 650 176; x_wconf 87' lang='lat' dir='ltr'>haec,</span> <span class='ocrx_word' id='word_1_15' title='bbox 670 146 744 180; x_wconf 85' lang='lat' dir='ltr'>quae</span> <span class='ocrx_word' id='word_1_16' title='bbox 762 133 849 179; x_wconf 87' lang='lat' dir='ltr'>apud</span> <span class='ocrx_word' id='word_1_17' title='bbox 869 145 928 168; x_wconf 85' lang='lat' dir='ltr'>vos</span> <span class='ocrx_word' id='word_1_18' title='bbox 945 134 1081 168; x_wconf 84' lang='lat' dir='ltr'>acturus</span> <span class='ocrx_word' id='word_1_19' title='bbox 1095 141 1114 171; x_wconf 86' lang='lat'><strong><em>5</em></strong></span> 
     </span>
     <span class='ocr_line' id='line_1_5' title="bbox 29 184 1081 230; baseline -0.001 -10"><span class='ocrx_word' id='word_1_20' title='bbox 29 197 112 227; x_wconf 88' lang='lat' dir='ltr'>sum,</span> <span class='ocrx_word' id='word_1_21' title='bbox 132 184 268 219; x_wconf 80' lang='lat' dir='ltr'>Canusii</span> <span class='ocrx_word' id='word_1_22' title='bbox 293 184 382 230; x_wconf 86' lang='lat' dir='ltr'>apud</span> <span class='ocrx_word' id='word_1_23' title='bbox 404 184 512 230; x_wconf 88' lang='lat' dir='ltr'>ipsum</span> <span class='ocrx_word' id='word_1_24' title='bbox 536 186 719 220; x_wconf 83' lang='lat' dir='ltr'>exercitum</span> <span class='ocrx_word' id='word_1_25' title='bbox 746 197 890 228; x_wconf 70' lang='lat' dir='ltr'>agerem,</span> <span class='ocrx_word' id='word_1_26' title='bbox 916 185 1081 230; x_wconf 84' lang='lat' dir='ltr'>optimum</span> 
     </span>
     <span class='ocr_line' id='line_1_6' title="bbox 28 236 1081 282; baseline 0 -12"><span class='ocrx_word' id='word_1_27' title='bbox 28 239 149 271; x_wconf 89' lang='lat' dir='ltr'>testem</span> <span class='ocrx_word' id='word_1_28' title='bbox 171 236 311 282; x_wconf 63' lang='lat' dir='ltr'>ignaviae</span> <span class='ocrx_word' id='word_1_29' title='bbox 334 236 497 281; x_wconf 87' lang='lat' dir='ltr'>cujusque</span> <span class='ocrx_word' id='word_1_30' title='bbox 517 238 552 270; x_wconf 89' lang='lat' dir='ltr'>et</span> <span class='ocrx_word' id='word_1_31' title='bbox 569 236 705 271; x_wconf 82' lang='lat' dir='ltr'>virt-ntis</span> <span class='ocrx_word' id='word_1_32' title='bbox 721 251 728 270; x_wconf 91' lang='lat'>:</span> <span class='ocrx_word' id='word_1_33' title='bbox 763 239 822 270; x_wconf 85' lang='lat' dir='ltr'>aut</span> <span class='ocrx_word' id='word_1_34' title='bbox 839 248 927 271; x_wconf 91' lang='lat' dir='ltr'>unus</span> <span class='ocrx_word' id='word_1_35' title='bbox 947 236 999 271; x_wconf 88' lang='lat' dir='ltr'>hio</span> <span class='ocrx_word' id='word_1_36' title='bbox 1017 236 1081 270; x_wconf 81' lang='lat' dir='ltr'>sal-</span> 
     </span>
     <span class='ocr_line' id='line_1_7' title="bbox 28 286 1082 333; baseline 0 -11"><span class='ocrx_word' id='word_1_37' title='bbox 28 291 97 322; x_wconf 88' lang='lat' dir='ltr'>tem</span> <span class='ocrx_word' id='word_1_38' title='bbox 115 287 246 322; x_wconf 82' lang='lat' dir='ltr'>adesset</span> <span class='ocrx_word' id='word_1_39' title='bbox 264 287 302 321; x_wconf 92' lang='lat' dir='ltr'>P.</span> <span class='ocrx_word' id='word_1_40' title='bbox 323 286 548 331; x_wconf 81' lang='lat' dir='ltr'>Sempronius,</span> <span class='ocrx_word' id='word_1_41' title='bbox 569 300 666 333; x_wconf 89' lang='lat' dir='ltr'>quem</span> <span class='ocrx_word' id='word_1_42' title='bbox 691 287 719 321; x_wconf 93' lang='lat' dir='ltr'>si</span> <span class='ocrx_word' id='word_1_43' title='bbox 736 287 793 321; x_wconf 89' lang='lat' dir='ltr'>isti</span> <span class='ocrx_word' id='word_1_44' title='bbox 810 286 929 322; x_wconf 91' lang='lat' dir='ltr'>ducem</span> <span class='ocrx_word' id='word_1_45' title='bbox 946 287 1082 333; x_wconf 87' lang='lat' dir='ltr'>sequuti</span> 
     </span>
     <span class='ocr_line' id='line_1_8' title="bbox 29 337 1081 384; baseline 0.001 -12"><span class='ocrx_word' id='word_1_46' title='bbox 29 347 151 380; x_wconf 79' lang='lat' dir='ltr'>essent,</span> <span class='ocrx_word' id='word_1_47' title='bbox 170 337 293 373; x_wconf 88' lang='lat' dir='ltr'>milites</span> <span class='ocrx_word' id='word_1_48' title='bbox 317 337 416 372; x_wconf 86' lang='lat' dir='ltr'>hodie</span> <span class='ocrx_word' id='word_1_49' title='bbox 439 338 474 372; x_wconf 88' lang='lat' dir='ltr'>in</span> <span class='ocrx_word' id='word_1_50' title='bbox 491 339 610 373; x_wconf 87' lang='lat' dir='ltr'>eastris</span> <span class='ocrx_word' id='word_1_51' title='bbox 634 338 795 373; x_wconf 82' lang='lat' dir='ltr'>Romanis</span> <span class='ocrx_word' id='word_1_52' title='bbox 816 350 884 373; x_wconf 91' lang='lat' dir='ltr'>non</span> <span class='ocrx_word' id='word_1_53' title='bbox 904 338 1029 384; x_wconf 79' lang='lat' dir='ltr'>captivi</span> <span class='ocrx_word' id='word_1_54' title='bbox 1046 339 1081 373; x_wconf 89' lang='lat' dir='ltr'>in</span> 
     </span>
     <span class='ocr_line' id='line_1_9' title="bbox 28 389 1112 435; baseline 0 -11"><span class='ocrx_word' id='word_1_55' title='bbox 28 389 176 424; x_wconf 87' lang='lat' dir='ltr'>hostium</span> <span class='ocrx_word' id='word_1_56' title='bbox 205 391 376 434; x_wconf 78' lang='lat' dir='ltr'>potestate</span> <span class='ocrx_word' id='word_1_57' title='bbox 399 392 521 423; x_wconf 89' lang='lat' dir='ltr'>essent.</span> <span class='ocrx_word' id='word_1_58' title='bbox 570 389 617 424; x_wconf 87' lang='lat' dir='ltr'>Et</span> <span class='ocrx_word' id='word_1_59' title='bbox 640 402 754 435; x_wconf 85' lang='lat' dir='ltr'>quum,</span> <span class='ocrx_word' id='word_1_60' title='bbox 776 389 873 424; x_wconf 76' lang='lat' dir='ltr'>sessis</span> <span class='ocrx_word' id='word_1_61' title='bbox 898 389 1079 435; x_wconf 84' lang='lat' dir='ltr'>pugnando</span> <span class='ocrx_word' id='word_1_62' title='bbox 1094 400 1112 428; x_wconf 84' lang='lat'><strong>6</strong></span> 
     </span>
     <span class='ocr_line' id='line_1_10' title="bbox 28 439 1080 487; baseline 0.001 -12"><span class='ocrx_word' id='word_1_63' title='bbox 28 440 192 482; x_wconf 83' lang='lat' dir='ltr'>hostibus,</span> <span class='ocrx_word' id='word_1_64' title='bbox 211 444 284 474; x_wconf 87' lang='lat' dir='ltr'>tum</span> <span class='ocrx_word' id='word_1_65' title='bbox 310 440 450 474; x_wconf 81' lang='lat' dir='ltr'>victoria</span> <span class='ocrx_word' id='word_1_66' title='bbox 470 439 554 475; x_wconf 82' lang='lat' dir='ltr'>laetis</span> <span class='ocrx_word' id='word_1_67' title='bbox 573 444 606 475; x_wconf 90' lang='lat' dir='ltr'>et</span> <span class='ocrx_word' id='word_1_68' title='bbox 632 441 711 486; x_wconf 88' lang='lat' dir='ltr'>ipsis</span> <span class='ocrx_word' id='word_1_69' title='bbox 729 441 896 487; x_wconf 87' lang='lat' dir='ltr'>plerisque</span> <span class='ocrx_word' id='word_1_70' title='bbox 919 441 1080 485; x_wconf 79' lang='lat' dir='ltr'><strong>regressis</strong></span> 
     </span>
     <span class='ocr_line' id='line_1_11' title="bbox 28 491 1081 537; baseline -0.001 -10"><span class='ocrx_word' id='word_1_71' title='bbox 28 491 64 527; x_wconf 86' lang='lat' dir='ltr'>in</span> <span class='ocrx_word' id='word_1_72' title='bbox 80 495 191 527; x_wconf 86' lang='lat' dir='ltr'>castra</span> <span class='ocrx_word' id='word_1_73' title='bbox 214 504 285 533; x_wconf 80' lang='lat' dir='ltr'>sua,</span> <span class='ocrx_word' id='word_1_74' title='bbox 303 495 434 526; x_wconf 82' lang='lat' dir='ltr'>noctem</span> <span class='ocrx_word' id='word_1_75' title='bbox 460 491 500 526; x_wconf 81' lang='lat' dir='ltr'>ad</span> <span class='ocrx_word' id='word_1_76' title='bbox 524 492 765 537; x_wconf 85' lang='lat' dir='ltr'>erumpendum</span> <span class='ocrx_word' id='word_1_77' title='bbox 789 492 926 527; x_wconf 83' lang='lat' dir='ltr'>liberam</span> <span class='ocrx_word' id='word_1_78' title='bbox 946 492 1081 527; x_wconf 83' lang='lat' dir='ltr'>habuis-</span> 
     </span>
     <span class='ocr_line' id='line_1_12' title="bbox 29 542 1080 589; baseline 0 -11"><span class='ocrx_word' id='word_1_79' title='bbox 29 547 114 584; x_wconf 89' lang='lat' dir='ltr'>sent,</span> <span class='ocrx_word' id='word_1_80' title='bbox 137 546 170 578; x_wconf 90' lang='lat' dir='ltr'>et</span> <span class='ocrx_word' id='word_1_81' title='bbox 196 546 323 589; x_wconf 81' lang='lat' dir='ltr'><strong>septem</strong></span> <span class='ocrx_word' id='word_1_82' title='bbox 350 542 454 576; x_wconf 79' lang='lat' dir='ltr'>millia</span> <span class='ocrx_word' id='word_1_83' title='bbox 478 545 682 578; x_wconf 80' lang='lat' dir='ltr'>armatorum</span> <span class='ocrx_word' id='word_1_84' title='bbox 707 544 878 578; x_wconf 85' lang='lat' dir='ltr'>hominum</span> <span class='ocrx_word' id='word_1_85' title='bbox 905 556 1080 589; x_wconf 80' lang='lat' dir='ltr'>erumpere</span> 
     </span>
     <span class='ocr_line' id='line_1_13' title="bbox 28 593 1081 641; baseline 0.001 -12"><span class='ocrx_word' id='word_1_86' title='bbox 28 594 130 629; x_wconf 81' lang='lat' dir='ltr'>etiam</span> <span class='ocrx_word' id='word_1_87' title='bbox 155 607 215 640; x_wconf 90' lang='lat' dir='ltr'>per</span> <span class='ocrx_word' id='word_1_88' title='bbox 239 594 408 629; x_wconf 87' lang='lat' dir='ltr'>confertos</span> <span class='ocrx_word' id='word_1_89' title='bbox 433 593 547 628; x_wconf 87' lang='lat' dir='ltr'>hostes</span> <span class='ocrx_word' id='word_1_90' title='bbox 572 597 718 640; x_wconf 80' lang='lat' dir='ltr'>possent,</span> <span class='ocrx_word' id='word_1_91' title='bbox 741 607 850 641; x_wconf 88' lang='lat' dir='ltr'>neque</span> <span class='ocrx_word' id='word_1_92' title='bbox 872 607 932 640; x_wconf 90' lang='lat' dir='ltr'>per</span> <span class='ocrx_word' id='word_1_93' title='bbox 956 607 992 630; x_wconf 87' lang='lat' dir='ltr'>se</span> <span class='ocrx_word' id='word_1_94' title='bbox 1016 595 1081 640; x_wconf 88' lang='lat' dir='ltr'>ipsi</span> 
     </span>
    </p>

    <p class='ocr_par' dir='ltr' id='par_1_4' title="bbox 0 644 1115 1717">
     <span class='ocr_line' id='line_1_14' title="bbox 0 644 1079 692; baseline 0.001 -12"><span class='ocrx_word' id='word_1_95' title='bbox 0 644 2 691; x_wconf 64' lang='lat' dir='ltr'>l</span> <span class='ocrx_word' id='word_1_96' title='bbox 28 645 62 680; x_wconf 87' lang='lat' dir='ltr'>id</span> <span class='ocrx_word' id='word_1_97' title='bbox 95 646 206 681; x_wconf 82' lang='lat' dir='ltr'>facere</span> <span class='ocrx_word' id='word_1_98' title='bbox 238 645 349 681; x_wconf 80' lang='lat' dir='ltr'>conati</span> <span class='ocrx_word' id='word_1_99' title='bbox 382 648 461 679; x_wconf 89' lang='lat' dir='ltr'>sunt</span> <span class='ocrx_word' id='word_1_100' title='bbox 493 658 602 690; x_wconf 90' lang='lat' dir='ltr'>neque</span> <span class='ocrx_word' id='word_1_101' title='bbox 635 646 734 680; x_wconf 83' lang='lat' dir='ltr'>alium</span> <span class='ocrx_word' id='word_1_102' title='bbox 765 646 859 692; x_wconf 86' lang='lat' dir='ltr'>sequi</span> <span class='ocrx_word' id='word_1_103' title='bbox 891 646 1079 682; x_wconf 87' lang='lat' dir='ltr'>voluerunt.</span> 
     </span>
     <span class='ocr_line' id='line_1_15' title="bbox 29 697 1112 742; baseline 0 -10"><span class='ocrx_word' id='word_1_104' title='bbox 29 697 140 732; x_wconf 87' lang='lat' dir='ltr'>Nocte</span> <span class='ocrx_word' id='word_1_105' title='bbox 158 710 262 742; x_wconf 90' lang='lat' dir='ltr'>prope</span> <span class='ocrx_word' id='word_1_106' title='bbox 278 700 353 731; x_wconf 81' lang='lat' dir='ltr'>tota</span> <span class='ocrx_word' id='word_1_107' title='bbox 370 697 407 731; x_wconf 88' lang='lat' dir='ltr'>P.</span> <span class='ocrx_word' id='word_1_108' title='bbox 426 697 641 742; x_wconf 87' lang='lat' dir='ltr'>Sempronius</span> <span class='ocrx_word' id='word_1_109' title='bbox 659 697 846 733; x_wconf 74' lang='lat' dir='ltr'><strong>Tuditanus</strong></span> <span class='ocrx_word' id='word_1_110' title='bbox 863 710 931 732; x_wconf 89' lang='lat' dir='ltr'>non</span> <span class='ocrx_word' id='word_1_111' title='bbox 947 697 1078 733; x_wconf 77' lang='lat' dir='ltr'>destitit</span> <span class='ocrx_word' id='word_1_112' title='bbox 1093 708 1112 741; x_wconf 83' lang='lat'><strong><em>7</em></strong></span> 
     </span>
     <span class='ocr_line' id='line_1_16' title="bbox 29 747 1079 793; baseline 0 -10"><span class='ocrx_word' id='word_1_113' title='bbox 29 761 163 784; x_wconf 86' lang='lat' dir='ltr'>monere</span> <span class='ocrx_word' id='word_1_114' title='bbox 174 748 342 782; x_wconf 79' lang='lat' dir='ltr'>adhortari</span> <span class='ocrx_word' id='word_1_115' title='bbox 356 760 421 788; x_wconf 69' lang='grc' dir='ltr'>θος,</span> <span class='ocrx_word' id='word_1_116' title='bbox 435 747 513 782; x_wconf 88' lang='lat' dir='ltr'>dum</span> <span class='ocrx_word' id='word_1_117' title='bbox 531 749 682 793; x_wconf 82' lang='lat' dir='ltr'>pancitas</span> <span class='ocrx_word' id='word_1_118' title='bbox 696 749 846 783; x_wconf 88' lang='lat' dir='ltr'>hostium</span> <span class='ocrx_word' id='word_1_119' title='bbox 858 749 945 784; x_wconf 85' lang='lat' dir='ltr'>circa</span> <span class='ocrx_word' id='word_1_120' title='bbox 958 754 1079 790; x_wconf 83' lang='lat' dir='ltr'>castra,</span> 
     </span>
     <span class='ocr_line' id='line_1_17' title="bbox 29 799 1080 846; baseline 0.001 -12"><span class='ocrx_word' id='word_1_121' title='bbox 29 799 108 834; x_wconf 88' lang='lat' dir='ltr'>dum</span> <span class='ocrx_word' id='word_1_122' title='bbox 127 800 219 846; x_wconf 90' lang='lat' dir='ltr'>quies</span> <span class='ocrx_word' id='word_1_123' title='bbox 237 811 275 834; x_wconf 83' lang='lat' dir='ltr'>ac</span> <span class='ocrx_word' id='word_1_124' title='bbox 292 799 461 833; x_wconf 88' lang='lat' dir='ltr'>silentium</span> <span class='ocrx_word' id='word_1_125' title='bbox 479 802 578 843; x_wconf 84' lang='lat' dir='ltr'>esset,</span> <span class='ocrx_word' id='word_1_126' title='bbox 597 799 676 834; x_wconf 90' lang='lat' dir='ltr'>dum</span> <span class='ocrx_word' id='word_1_127' title='bbox 692 812 759 835; x_wconf 79' lang='lat' dir='ltr'>nox</span> <span class='ocrx_word' id='word_1_128' title='bbox 776 800 945 846; x_wconf 88' lang='lat' dir='ltr'>inceptum</span> <span class='ocrx_word' id='word_1_129' title='bbox 965 803 1080 845; x_wconf 79' lang='lat' dir='ltr'>tegere</span> 
     </span>
     <span class='ocr_line' id='line_1_18' title="bbox 28 850 1081 896; baseline 0.001 -11"><span class='ocrx_word' id='word_1_130' title='bbox 28 854 152 896; x_wconf 82' lang='lat' dir='ltr'>posset,</span> <span class='ocrx_word' id='word_1_131' title='bbox 172 863 207 885; x_wconf 90' lang='lat' dir='ltr'>se</span> <span class='ocrx_word' id='word_1_132' title='bbox 225 850 343 885; x_wconf 89' lang='lat' dir='ltr'>ducem</span> <span class='ocrx_word' id='word_1_133' title='bbox 361 853 600 896; x_wconf 76' lang='lat' dir='ltr'>sequerentur:</span> <span class='ocrx_word' id='word_1_134' title='bbox 628 854 705 886; x_wconf 83' lang='lat' dir='ltr'>ante</span> <span class='ocrx_word' id='word_1_135' title='bbox 728 851 837 886; x_wconf 83' lang='lat' dir='ltr'>lucem</span> <span class='ocrx_word' id='word_1_136' title='bbox 855 852 1029 896; x_wconf 84' lang='lat' dir='ltr'>pervenire</span> <span class='ocrx_word' id='word_1_137' title='bbox 1046 852 1081 886; x_wconf 88' lang='lat' dir='ltr'>in</span> 
     </span>
     <span class='ocr_line' id='line_1_19' title="bbox 28 901 1113 948; baseline 0.001 -11"><span class='ocrx_word' id='word_1_138' title='bbox 28 905 105 937; x_wconf 82' lang='lat' dir='ltr'>tuta</span> <span class='ocrx_word' id='word_1_139' title='bbox 121 902 193 937; x_wconf 83' lang='lat' dir='ltr'>loca</span> <span class='ocrx_word' id='word_1_140' title='bbox 214 902 249 937; x_wconf 88' lang='lat' dir='ltr'>in</span> <span class='ocrx_word' id='word_1_141' title='bbox 266 902 430 936; x_wconf 85' lang='lat' dir='ltr'>sociorum</span> <span class='ocrx_word' id='word_1_142' title='bbox 454 901 554 936; x_wconf 86' lang='lat' dir='ltr'>urbes</span> <span class='ocrx_word' id='word_1_143' title='bbox 577 914 684 948; x_wconf 90' lang='lat' dir='ltr'>posse.</span> <span class='ocrx_word' id='word_1_144' title='bbox 736 903 830 937; x_wconf 87' lang='lat' dir='ltr'>Sicut</span> <span class='ocrx_word' id='word_1_145' title='bbox 852 915 989 937; x_wconf 80' lang='lat' dir='ltr'>avorum</span> <span class='ocrx_word' id='word_1_146' title='bbox 1013 911 1113 940; x_wconf 77' lang='lat' dir='ltr'>nie-8</span> 
     </span>
     <span class='ocr_line' id='line_1_20' title="bbox 29 953 1081 995; baseline -0.001 -7"><span class='ocrx_word' id='word_1_147' title='bbox 29 954 134 988; x_wconf 86' lang='lat' dir='ltr'>moria</span> <span class='ocrx_word' id='word_1_148' title='bbox 166 954 203 988; x_wconf 92' lang='lat' dir='ltr'>P.</span> <span class='ocrx_word' id='word_1_149' title='bbox 223 953 349 988; x_wconf 82' lang='lat' dir='ltr'>Decius</span> <span class='ocrx_word' id='word_1_150' title='bbox 382 953 539 987; x_wconf 89' lang='lat' dir='ltr'>tribunus</span> <span class='ocrx_word' id='word_1_151' title='bbox 573 953 716 987; x_wconf 87' lang='lat' dir='ltr'>militum</span> <span class='ocrx_word' id='word_1_152' title='bbox 750 954 785 988; x_wconf 87' lang='lat' dir='ltr'>in</span> <span class='ocrx_word' id='word_1_153' title='bbox 818 954 962 995; x_wconf 82' lang='lat' dir='ltr'>Samnio,</span> <span class='ocrx_word' id='word_1_154' title='bbox 993 955 1081 989; x_wconf 84' lang='lat' dir='ltr'>sicut</span> 
     </span>
     <span class='ocr_line' id='line_1_21' title="bbox 29 1004 1081 1050; baseline 0.001 -11"><span class='ocrx_word' id='word_1_155' title='bbox 29 1005 125 1039; x_wconf 87' lang='lat' dir='ltr'>nobis</span> <span class='ocrx_word' id='word_1_156' title='bbox 158 1004 424 1039; x_wconf 84' lang='lat' dir='ltr'>adolescentibus</span> <span class='ocrx_word' id='word_1_157' title='bbox 458 1004 568 1048; x_wconf 90' lang='lat' dir='ltr'>priore</span> <span class='ocrx_word' id='word_1_158' title='bbox 601 1005 730 1039; x_wconf 88' lang='lat' dir='ltr'>Punico</span> <span class='ocrx_word' id='word_1_159' title='bbox 762 1005 849 1039; x_wconf 84' lang='lat' dir='ltr'>bello</span> <span class='ocrx_word' id='word_1_160' title='bbox 878 1005 1081 1050; x_wconf 81' lang='lat' dir='ltr'>Calpurnius</span> 
     </span>
     <span class='ocr_line' id='line_1_22' title="bbox 29 1055 1082 1102; baseline 0.001 -12"><span class='ocrx_word' id='word_1_161' title='bbox 29 1055 179 1090; x_wconf 82' lang='lat' dir='ltr'>Flamma</span> <span class='ocrx_word' id='word_1_162' title='bbox 206 1056 366 1091; x_wconf 80' lang='lat' dir='ltr'>trecentis</span> <span class='ocrx_word' id='word_1_163' title='bbox 394 1055 600 1099; x_wconf 81' lang='lat' dir='ltr'>voluntariis,</span> <span class='ocrx_word' id='word_1_164' title='bbox 628 1068 730 1102; x_wconf 87' lang='lat' dir='ltr'>quum</span> <span class='ocrx_word' id='word_1_165' title='bbox 757 1056 799 1091; x_wconf 88' lang='lat' dir='ltr'>ad</span> <span class='ocrx_word' id='word_1_166' title='bbox 825 1056 992 1091; x_wconf 81' lang='lat' dir='ltr'>tumulum</span> <span class='ocrx_word' id='word_1_167' title='bbox 1026 1069 1082 1091; x_wconf 90' lang='lat' dir='ltr'>eos</span> 
     </span>
     <span class='ocr_line' id='line_1_23' title="bbox 29 1106 1081 1152; baseline 0.001 -10"><span class='ocrx_word' id='word_1_168' title='bbox 29 1107 227 1152; x_wconf 85' lang='lat' dir='ltr'>capiendum</span> <span class='ocrx_word' id='word_1_169' title='bbox 260 1107 364 1142; x_wconf 86' lang='lat' dir='ltr'>situm</span> <span class='ocrx_word' id='word_1_170' title='bbox 394 1106 482 1141; x_wconf 87' lang='lat' dir='ltr'>inter</span> <span class='ocrx_word' id='word_1_171' title='bbox 513 1106 640 1141; x_wconf 90' lang='lat' dir='ltr'>medios</span> <span class='ocrx_word' id='word_1_172' title='bbox 673 1106 810 1142; x_wconf 88' lang='lat' dir='ltr'>duceret</span> <span class='ocrx_word' id='word_1_173' title='bbox 839 1108 964 1150; x_wconf 87' lang='lat' dir='ltr'>hostes,</span> <span class='ocrx_word' id='word_1_174' title='bbox 997 1107 1081 1143; x_wconf 76' lang='lat' dir='ltr'>dixit</span> 
     </span>
     <span class='ocr_line' id='line_1_24' title="bbox 32 1158 1082 1204; baseline 0.002 -12"><span class='ocrx_word' id='word_1_175' title='bbox 32 1159 256 1200; x_wconf 59' lang='lat' dir='ltr'>‘Mori-(imur,</span> <span class='ocrx_word' id='word_1_176' title='bbox 290 1158 427 1198; x_wconf 79' lang='lat' dir='ltr'>milites,</span> <span class='ocrx_word' id='word_1_177' title='bbox 461 1160 495 1192; x_wconf 83' lang='lat' dir='ltr'>et</span> <span class='ocrx_word' id='word_1_178' title='bbox 533 1161 642 1193; x_wconf 90' lang='lat' dir='ltr'>morte</span> <span class='ocrx_word' id='word_1_179' title='bbox 673 1162 790 1192; x_wconf 83' lang='lat' dir='ltr'>nostra</span> <span class='ocrx_word' id='word_1_180' title='bbox 826 1159 1007 1204; x_wconf 82' lang='lat' dir='ltr'>eripiamus</span> <span class='ocrx_word' id='word_1_181' title='bbox 1040 1172 1082 1195; x_wconf 82' lang='lat' dir='ltr'>ex</span> 
     </span>
     <span class='ocr_line' id='line_1_25' title="bbox 30 1208 1082 1255; baseline 0.001 -10"><span class='ocrx_word' id='word_1_182' title='bbox 30 1209 204 1245; x_wconf 86' lang='lat' dir='ltr'>obsidione</span> <span class='ocrx_word' id='word_1_183' title='bbox 221 1210 469 1245; x_wconf 76' lang='lat' dir='ltr'>circumventas</span> <span class='ocrx_word' id='word_1_184' title='bbox 487 1208 635 1254; x_wconf 85' lang='lat' dir='ltr'>legiones</span> <span class='ocrx_word' id='word_1_185' title='bbox 645 1209 662 1243; x_wconf 90' lang='lat'>:&#39;</span> <span class='ocrx_word' id='word_1_186' title='bbox 688 1209 717 1244; x_wconf 90' lang='lat' dir='ltr'>si</span> <span class='ocrx_word' id='word_1_187' title='bbox 733 1209 795 1244; x_wconf 91' lang='lat' dir='ltr'>hoc</span> <span class='ocrx_word' id='word_1_188' title='bbox 812 1210 851 1245; x_wconf 89' lang='lat' dir='ltr'>P.</span> <span class='ocrx_word' id='word_1_189' title='bbox 865 1211 1082 1255; x_wconf 86' lang='lat' dir='ltr'>Sempronius</span> 
     </span>
     <span class='ocr_line' id='line_1_26' title="bbox 30 1259 1080 1306; baseline 0.001 -10"><span class='ocrx_word' id='word_1_190' title='bbox 30 1261 166 1305; x_wconf 83' lang='lat' dir='ltr'>diceret,</span> <span class='ocrx_word' id='word_1_191' title='bbox 191 1273 252 1296; x_wconf 88' lang='lat' dir='ltr'>nec</span> <span class='ocrx_word' id='word_1_192' title='bbox 280 1261 369 1296; x_wconf 88' lang='lat' dir='ltr'>viros</span> <span class='ocrx_word' id='word_1_193' title='bbox 395 1259 529 1306; x_wconf 84' lang='lat' dir='ltr'>quidem</span> <span class='ocrx_word' id='word_1_194' title='bbox 555 1272 615 1295; x_wconf 84' lang='lat' dir='ltr'>nec</span> <span class='ocrx_word' id='word_1_195' title='bbox 648 1261 818 1296; x_wconf 82' lang='lat' dir='ltr'>Romanos</span> <span class='ocrx_word' id='word_1_196' title='bbox 849 1274 906 1296; x_wconf 88' lang='lat' dir='ltr'>vos</span> <span class='ocrx_word' id='word_1_197' title='bbox 933 1261 1080 1304; x_wconf 86' lang='lat' dir='ltr'>duceret,</span> 
     </span>
     <span class='ocr_line' id='line_1_27' title="bbox 30 1311 1115 1349; baseline 0.003 -3"><span class='ocrx_word' id='word_1_198' title='bbox 30 1313 57 1347; x_wconf 91' lang='lat' dir='ltr'>si</span> <span class='ocrx_word' id='word_1_199' title='bbox 74 1325 171 1347; x_wconf 86' lang='lat' dir='ltr'>nemo</span> <span class='ocrx_word' id='word_1_200' title='bbox 187 1316 292 1347; x_wconf 82' lang='lat' dir='ltr'>tantae</span> <span class='ocrx_word' id='word_1_201' title='bbox 310 1312 447 1347; x_wconf 85' lang='lat' dir='ltr'>virtutis</span> <span class='ocrx_word' id='word_1_202' title='bbox 464 1311 649 1346; x_wconf 78' lang='lat' dir='ltr'>exstitisset</span> <span class='ocrx_word' id='word_1_203' title='bbox 666 1324 787 1347; x_wconf 87' lang='lat' dir='ltr'>comes.</span> <span class='ocrx_word' id='word_1_204' title='bbox 838 1313 938 1347; x_wconf 82' lang='lat' dir='ltr'>Viam</span> <span class='ocrx_word' id='word_1_205' title='bbox 956 1325 1024 1348; x_wconf 89' lang='lat' dir='ltr'>non</span> <span class='ocrx_word' id='word_1_206' title='bbox 1041 1313 1082 1348; x_wconf 82' lang='lat' dir='ltr'>ad</span> <span class='ocrx_word' id='word_1_207' title='bbox 1096 1321 1115 1349; x_wconf 87' lang='grc'>9</span> 
     </span>
     <span class='ocr_line' id='line_1_28' title="bbox 30 1362 1082 1410; baseline 0.001 -12"><span class='ocrx_word' id='word_1_208' title='bbox 30 1363 169 1410; x_wconf 80' lang='lat' dir='ltr'>gloriam</span> <span class='ocrx_word' id='word_1_209' title='bbox 191 1364 296 1410; x_wconf 84' lang='lat' dir='ltr'>magis</span> <span class='ocrx_word' id='word_1_210' title='bbox 320 1376 417 1410; x_wconf 83' lang='lat' dir='ltr'>quam</span> <span class='ocrx_word' id='word_1_211' title='bbox 445 1362 485 1397; x_wconf 83' lang='lat' dir='ltr'>ad</span> <span class='ocrx_word' id='word_1_212' title='bbox 507 1363 649 1398; x_wconf 80' lang='lat' dir='ltr'>salutem</span> <span class='ocrx_word' id='word_1_213' title='bbox 675 1363 838 1399; x_wconf 83' lang='lat' dir='ltr'>ferentem</span> <span class='ocrx_word' id='word_1_214' title='bbox 863 1364 1082 1408; x_wconf 84' lang='lat' dir='ltr'>demonstrat,</span> 
     </span>
     <span class='ocr_line' id='line_1_29' title="bbox 30 1414 1082 1461; baseline 0.001 -11"><span class='ocrx_word' id='word_1_215' title='bbox 30 1415 168 1450; x_wconf 86' lang='lat' dir='ltr'>reduces</span> <span class='ocrx_word' id='word_1_216' title='bbox 187 1415 224 1450; x_wconf 91' lang='lat' dir='ltr'>in</span> <span class='ocrx_word' id='word_1_217' title='bbox 242 1415 385 1460; x_wconf 78' lang='lat' dir='ltr'>patriam</span> <span class='ocrx_word' id='word_1_218' title='bbox 411 1414 453 1448; x_wconf 83' lang='lat' dir='ltr'>ad</span> <span class='ocrx_word' id='word_1_219' title='bbox 470 1418 626 1459; x_wconf 79' lang='lat' dir='ltr'>parentes</span> <span class='ocrx_word' id='word_1_220' title='bbox 648 1414 689 1449; x_wconf 82' lang='lat' dir='ltr'>ad</span> <span class='ocrx_word' id='word_1_221' title='bbox 714 1417 875 1461; x_wconf 84' lang='lat' dir='ltr'>conjuges</span> <span class='ocrx_word' id='word_1_222' title='bbox 899 1428 937 1450; x_wconf 87' lang='lat' dir='ltr'>ac</span> <span class='ocrx_word' id='word_1_223' title='bbox 960 1415 1082 1451; x_wconf 88' lang='lat' dir='ltr'>liberos</span> 
     </span>
     <span class='ocr_line' id='line_1_30' title="bbox 29 1465 1083 1513; baseline 0.001 -12"><span class='ocrx_word' id='word_1_224' title='bbox 29 1466 120 1501; x_wconf 84' lang='lat' dir='ltr'>facit.</span> <span class='ocrx_word' id='word_1_225' title='bbox 186 1466 237 1501; x_wconf 78' lang='lat' dir='ltr'>Ut</span> <span class='ocrx_word' id='word_1_226' title='bbox 270 1466 456 1507; x_wconf 86' lang='lat' dir='ltr'>servemini,</span> <span class='ocrx_word' id='word_1_227' title='bbox 493 1465 587 1500; x_wconf 82' lang='lat' dir='ltr'>deest</span> <span class='ocrx_word' id='word_1_228' title='bbox 625 1465 719 1500; x_wconf 88' lang='lat' dir='ltr'>vobis</span> <span class='ocrx_word' id='word_1_229' title='bbox 753 1467 1021 1513; x_wconf 81' lang='lat' dir='ltr'>animus—quid,</span> <span class='ocrx_word' id='word_1_230' title='bbox 1055 1467 1083 1502; x_wconf 85' lang='lat' dir='ltr'>si</span> 
     </span>
     <span class='ocr_line' id='line_1_31' title="bbox 30 1517 1083 1565; baseline 0 -12"><span class='ocrx_word' id='word_1_231' title='bbox 30 1517 239 1553; x_wconf 85' lang='lat' dir='ltr'>moriendum</span> <span class='ocrx_word' id='word_1_232' title='bbox 268 1530 329 1563; x_wconf 88' lang='lat' dir='ltr'>pro</span> <span class='ocrx_word' id='word_1_233' title='bbox 354 1517 464 1563; x_wconf 84' lang='lat' dir='ltr'>patria</span> <span class='ocrx_word' id='word_1_234' title='bbox 489 1520 586 1559; x_wconf 86' lang='lat' dir='ltr'>esset,</span> <span class='ocrx_word' id='word_1_235' title='bbox 615 1517 797 1553; x_wconf 81' lang='lat' dir='ltr'>faceretis?</span> <span class='ocrx_word' id='word_1_236' title='bbox 839 1518 1083 1565; x_wconf 79' lang='lat' dir='ltr'>quinquaginta</span> 
     </span>
     <span class='ocr_line' id='line_1_32' title="bbox 30 1568 1083 1615; baseline 0.002 -12"><span class='ocrx_word' id='word_1_237' title='bbox 30 1569 132 1604; x_wconf 85' lang='lat' dir='ltr'>millia</span> <span class='ocrx_word' id='word_1_238' title='bbox 156 1569 280 1604; x_wconf 86' lang='lat' dir='ltr'>civium</span> <span class='ocrx_word' id='word_1_239' title='bbox 307 1569 537 1614; x_wconf 86' lang='lat' dir='ltr'>sociorumque</span> <span class='ocrx_word' id='word_1_240' title='bbox 562 1568 650 1603; x_wconf 88' lang='lat' dir='ltr'>circa</span> <span class='ocrx_word' id='word_1_241' title='bbox 671 1581 730 1603; x_wconf 86' lang='lat' dir='ltr'>vos</span> <span class='ocrx_word' id='word_1_242' title='bbox 756 1581 795 1604; x_wconf 91' lang='lat' dir='ltr'>eo</span> <span class='ocrx_word' id='word_1_243' title='bbox 818 1569 896 1615; x_wconf 86' lang='lat' dir='ltr'>ipso</span> <span class='ocrx_word' id='word_1_244' title='bbox 922 1570 974 1605; x_wconf 90' lang='lat' dir='ltr'>die</span> <span class='ocrx_word' id='word_1_245' title='bbox 1000 1582 1083 1605; x_wconf 84' lang='lat' dir='ltr'>caesa</span> 
     </span>
     <span class='ocr_line' id='line_1_33' title="bbox 27 1619 1084 1665; baseline 0.001 -10"><span class='ocrx_word' id='word_1_246' title='bbox 27 1622 164 1665; x_wconf 85' lang='lat' dir='ltr'>jacent:</span> <span class='ocrx_word' id='word_1_247' title='bbox 206 1620 234 1655; x_wconf 92' lang='lat' dir='ltr'>si</span> <span class='ocrx_word' id='word_1_248' title='bbox 270 1623 323 1654; x_wconf 88' lang='lat' dir='ltr'>tot</span> <span class='ocrx_word' id='word_1_249' title='bbox 356 1619 507 1665; x_wconf 86' lang='lat' dir='ltr'>exempla</span> <span class='ocrx_word' id='word_1_250' title='bbox 543 1620 681 1654; x_wconf 82' lang='lat' dir='ltr'>virtutis</span> <span class='ocrx_word' id='word_1_251' title='bbox 713 1632 781 1655; x_wconf 91' lang='lat' dir='ltr'>non</span> <span class='ocrx_word' id='word_1_252' title='bbox 818 1624 966 1663; x_wconf 87' lang='lat' dir='ltr'>movent,</span> <span class='ocrx_word' id='word_1_253' title='bbox 1002 1621 1084 1656; x_wconf 84' lang='lat' dir='ltr'>nihil</span> 
     </span>
     <span class='ocr_line' id='line_1_34' title="bbox 31 1670 1084 1717; baseline 0.001 -11"><span class='ocrx_word' id='word_1_254' title='bbox 31 1684 190 1717; x_wconf 85' lang='lat' dir='ltr'>umquam</span> <span class='ocrx_word' id='word_1_255' title='bbox 214 1671 362 1706; x_wconf 82' lang='lat' dir='ltr'>movebit</span> <span class='ocrx_word' id='word_1_256' title='bbox 378 1687 384 1706; x_wconf 73' lang='grc' dir='ltr'>ε</span> <span class='ocrx_word' id='word_1_257' title='bbox 412 1671 440 1706; x_wconf 89' lang='lat' dir='ltr'>si</span> <span class='ocrx_word' id='word_1_258' title='bbox 456 1675 552 1706; x_wconf 84' lang='lat' dir='ltr'>tanta</span> <span class='ocrx_word' id='word_1_259' title='bbox 579 1670 688 1706; x_wconf 84' lang='lat' dir='ltr'>clades</span> <span class='ocrx_word' id='word_1_260' title='bbox 706 1671 804 1706; x_wconf 80' lang='lat' dir='ltr'>vilem</span> <span class='ocrx_word' id='word_1_261' title='bbox 821 1672 924 1707; x_wconf 73' lang='lat' dir='ltr'>vitam</span> <span class='ocrx_word' id='word_1_262' title='bbox 949 1685 1017 1707; x_wconf 89' lang='lat' dir='ltr'>non</span> <span class='ocrx_word' id='word_1_263' title='bbox 1034 1673 1084 1707; x_wconf 82' lang='lat' dir='ltr'>fe-</span> 
     </span>
    </p>

    <p class='ocr_par' dir='ltr' id='par_1_5' title="bbox 0 1722 1139 1768">
     <span class='ocr_line' id='line_1_35' title="bbox 0 1722 1139 1768; baseline 0.003 -11"><span class='ocrx_word' id='word_1_264' title='bbox 0 1734 2 1740; x_wconf 93' lang='lat'><em>·</em></span> <span class='ocrx_word' id='word_1_265' title='bbox 34 1723 89 1765; x_wconf 86' lang='lat' dir='ltr'>cit,</span> <span class='ocrx_word' id='word_1_266' title='bbox 105 1722 198 1757; x_wconf 87' lang='lat' dir='ltr'>nulla</span> <span class='ocrx_word' id='word_1_267' title='bbox 214 1722 325 1758; x_wconf 84' lang='lat' dir='ltr'>faciet.</span> <span class='ocrx_word' id='word_1_268' title='bbox 374 1723 421 1758; x_wconf 87' lang='lat' dir='ltr'>Et</span> <span class='ocrx_word' id='word_1_269' title='bbox 446 1722 541 1757; x_wconf 89' lang='lat' dir='ltr'>liberi</span> <span class='ocrx_word' id='word_1_270' title='bbox 565 1725 666 1768; x_wconf 86' lang='lat' dir='ltr'>atque</span> <span class='ocrx_word' id='word_1_271' title='bbox 686 1723 869 1758; x_wconf 86' lang='lat' dir='ltr'>incolumes</span> <span class='ocrx_word' id='word_1_272' title='bbox 897 1723 1084 1759; x_wconf 81' lang='lat' dir='ltr'>desiderate</span> <span class='ocrx_word' id='word_1_273' title='bbox 1101 1732 1139 1762; x_wconf 86' lang='lat'>10</span> 
     </span>
    </p>

    <p class='ocr_par' dir='ltr' id='par_1_6' title="bbox 0 1773 1085 1820">
     <span class='ocr_line' id='line_1_36' title="bbox 0 1773 1085 1820; baseline 0.002 -11"><span class='ocrx_word' id='word_1_274' title='bbox 0 1775 2 1780; x_wconf 91' lang='lat'>&#39;</span> <span class='ocrx_word' id='word_1_275' title='bbox 33 1774 193 1820; x_wconf 82' lang='lat' dir='ltr'>patriam:</span> <span class='ocrx_word' id='word_1_276' title='bbox 227 1774 328 1809; x_wconf 86' lang='lat' dir='ltr'>immo</span> <span class='ocrx_word' id='word_1_277' title='bbox 353 1773 550 1818; x_wconf 82' lang='lat' dir='ltr'>desiderate,</span> <span class='ocrx_word' id='word_1_278' title='bbox 571 1773 652 1809; x_wconf 91' lang='lat' dir='ltr'>dum</span> <span class='ocrx_word' id='word_1_279' title='bbox 675 1775 786 1820; x_wconf 76' lang='lat' dir='ltr'>patria,</span> <span class='ocrx_word' id='word_1_280' title='bbox 809 1777 872 1817; x_wconf 87' lang='lat' dir='ltr'>est,</span> <span class='ocrx_word' id='word_1_281' title='bbox 894 1774 974 1810; x_wconf 90' lang='lat' dir='ltr'>dum</span> <span class='ocrx_word' id='word_1_282' title='bbox 996 1775 1085 1811; x_wconf 86' lang='lat' dir='ltr'>cives</span> 
     </span>
    </p>
   </div>
  </div>
 </body>
</html>
