1298 1921
170 29 210 60 76
419 28 455 57 Τ.
480 27 597 58 LIVII
625 28 958 58 HISTORIARUM

1072 72 1103 95 A.
1118 72 1146 96 c.
1161 71 1217 96 217.

171 101 302 137 adversi
330 101 493 144 inciderit,
519 114 586 136 non
610 114 720 136 rerum
746 103 977 148 magnitudine
1002 71 1069 138 seds
1091 104 1217 139 viribus

171 154 370 195 extenuatis,
402 166 474 199 quae
506 153 588 188 nihil
621 153 709 199 quod
741 153 937 199 adgravaret
969 155 1039 200 pati
1072 159 1217 200 possent,

143 204 402 239 3aestimandum
420 217 503 239 esse.
554 205 673 250 Itaque
695 204 734 238 ad
753 204 933 239 remedium
949 205 1016 250 jam
1035 205 1092 240 diu
1114 218 1220 252 neque

173 255 395 290 desideratum
419 268 480 290 nee
503 255 698 297 adhibitum,
718 255 914 290 dictatorem
938 256 1124 298 dicendum,
1143 257 1222 291 eivi-

173 309 225 340 tas
249 307 422 351 confugit:
449 310 483 341 et
507 307 585 352 quia
601 309 634 341 et
660 307 775 341 consul
800 306 923 350 aberat,
942 319 961 341 a
984 320 1048 353 quo
1074 320 1140 342 uno
1159 307 1223 342 diei

173 369 270 402 posse
289 357 472 399 videbatur,
492 370 552 392 nee
570 370 629 403 per
651 360 847 402 occupa-tam
872 358 970 392 armis
996 359 1132 393 Punicis
1154 359 1223 393 Ita-

172 408 248 442 liam
262 408 357 443 facile
372 413 443 443 erat
461 413 517 443 aut
535 409 689 443 nuntium
708 412 765 443 aut
783 408 910 443 litteras
929 409 1026 451 mitti,
1042 422 1101 444 nec
1120 410 1223 444 dieta—

172 462 278 494 torem
296 460 437 505 populus
455 472 566 495 creare
592 463 735 505 poterat,
755 460 844 505 quod
861 473 1039 505 numquam
1057 464 1133 495 ante
1151 473 1223 495 cam

173 510 257 545 diem
277 511 402 545 sactum
421 514 502 553 erat,
522 511 783 556 prodictatoreiu
802 511 943 556 populus
961 512 1086 546 creavit
1105 512 1147 549 Q.
1163 512 1226 546 Fa-

173 562 265 596 bium
290 563 479 597 Maximum
505 566 539 597 et
569 562 766 607 magistrum
791 563 941 607 equitum
967 563 1016 596 M.
1036 563 1225 597 Minucium

174 613 325 648 Rufum:
358 614 476 659 hisque
503 613 675 658 negotium
702 613 742 647 ab
768 616 885 647 senatu
914 613 1028 647 datum
1052 617 1090 648 ut
1113 619 1225 649 snuros

175 667 351 710 turresque
365 665 458 700 urbis
475 665 645 699 firmarent
660 667 693 699 et
711 664 865 708 praesidia
878 664 1091 710 disponerent
1105 665 1225 711 quibus

175 716 257 750 locis
276 716 454 757 videretur,
479 719 665 762 pontesque
689 715 915 749 rescinderent
940 716 1136 750 fluminum:
1165 729 1225 762 pro

177 767 260 802 urbe
287 779 324 802 ae
356 767 534 812 penatibus
565 766 787 801 dimicandum
817 779 899 809 esse,
928 767 1060 812 quaudo
1094 767 1227 802 Italiam

177 819 266 853 tueri
284 819 490 864 nequissent.

111 868 169 909 (9)
225 870 397 904 Hannibal
414 872 505 903 recto
526 869 644 904 itinere
662 881 722 914 per
738 869 912 903 Umbriam
929 881 1035 914 usque
1053 868 1093 903 ad
1114 868 1227 914 Spole-

149 921 262 955 2tium
274 921 375 955 venit.
418 920 501 955 Inde
520 933 620 965 quum
639 921 857 966 perpopulato
875 933 955 966 agro
969 920 1084 955 urbem
1102 932 1229 965 oppug-

178 984 257 1006 nare
275 971 411 1006 adortus
437 974 534 1012 esset,
554 983 626 1006 eum
651 984 771 1017 inagna
793 971 880 1006 caede
906 983 1040 1005 suorum
1063 971 1226 1016 repulsus,

180 1026 371 1068 conjectans
389 1035 429 1057 ex
446 1023 545 1057 unius
571 1022 705 1057 colonia}
728 1022 816 1056 haud
834 1022 931 1056 nimis
949 1034 1104 1067 prospere
1122 1025 1230 1067 tcmp-

179 1078 259 1110 tatae
288 1074 424 1117 viribus,
454 1076 579 1119 quanta
610 1074 712 1108 moles
746 1074 905 1108 Romame
937 1073 1029 1107 urbis
1062 1076 1162 1114 esset,
1196 1073 1230 1107 in

180 1139 297 1172 agrum
326 1126 485 1160 Picenum
515 1124 636 1159 avertit
665 1125 728 1159 iter
760 1135 827 1159 non
859 1125 953 1170 eopia
984 1124 1091 1159 solum
1124 1124 1230 1158 onmis

182 1177 312 1223 generis
331 1177 466 1219 frugum
486 1175 710 1211 abundantem
734 1175 792 1210 scd
809 1175 968 1210 refertum
992 1175 1112 1220 proeda,
1133 1187 1231 1220 quam

154 1229 285 1266 3effuse
303 1228 390 1263 avidi
411 1231 511 1273 atque
535 1230 671 1273 egentes
695 1227 879 1271 rapiebant.
928 1227 983 1261 Ibi
1008 1239 1066 1271 per
1083 1226 1152 1260 dies
1175 1226 1233 1260 ali-

184 1284 266 1326 quot
284 1280 406 1314 stativa
424 1279 538 1314 habita
554 1279 765 1323 refectusque
783 1278 875 1312 miles
894 1278 1039 1312 hibernis
1057 1277 1232 1312 itineribus

185 1344 222 1366 ae
251 1331 392 1377 palustri
419 1331 470 1365 via
494 1330 673 1375 proelioque
699 1329 804 1375 magis
833 1329 874 1363 ad
899 1334 1054 1364 eventum
1088 1328 1233 1364 secundo

156 1390 282 1428 4quam
306 1383 370 1417 levi
395 1386 452 1416 aut
470 1381 557 1416 facili
580 1381 741 1415 adfectus.
791 1380 859 1415 Ubi
886 1381 966 1415 satis
992 1380 1096 1425 quieti
1119 1380 1234 1414 datum

186 1433 297 1479 praeda
325 1445 363 1468 ae
392 1432 661 1479 populationibus
686 1432 791 1477 magis
816 1443 913 1477 quam
943 1432 1011 1466 otio
1036 1434 1094 1465 aut
1120 1431 1235 1476 requie

187 1485 421 1529 gaudentibus,
438 1484 607 1529 profectus
627 1484 867 1518 Praetutianum
882 1483 1091 1518 Hadrianum
1106 1495 1233 1528 agrum,

188 1537 322 1571 Marsos
340 1536 417 1571 inde
438 1535 714 1580 Marrucinosque
732 1538 765 1570 et
789 1535 944 1580 Pelignos
963 1534 1114 1568 devastat
1137 1535 1235 1568 eirea-

188 1600 253 1632 que
284 1589 392 1633 Arpos
423 1592 455 1622 et
484 1587 660 1621 Luceriam
686 1586 868 1632 proximam
901 1586 1030 1631 Apuliae
1055 1585 1234 1631 regionem.

159 1639 250 1673 5Cn.
271 1639 427 1673 Servilius
451 1638 565 1672 consul
589 1638 716 1672 levibus
740 1637 862 1682 proeliis
881 1649 955 1671 eum
980 1636 1080 1671 Gallis
1102 1637 1184 1671 aetis
1202 1639 1236 1671 et

188 1702 255 1724 uno
288 1689 408 1735 oppido
441 1689 578 1735 ignobili
604 1692 797 1734 expugnato
830 1692 1008 1733 postquam
1033 1688 1073 1722 de
1102 1687 1235 1731 collegae

189 1741 423 1785 exercitusque
452 1740 540 1776 eaede
573 1740 709 1784 audivit,
734 1743 804 1785 jam
834 1740 995 1775 moenibus
1024 1739 1140 1784 patriae
1169 1751 1236 1773 me-
