1298 1921
193 51 252 79 138
442 49 477 78 T.
504 48 622 78 LIVII
648 48 981 79 HISTORIARUM
1265 0 1288 100 Γ

190 122 231 157 ab
256 121 451 157 cedentibus
477 122 629 157 consulto
658 124 766 157 tracta
792 122 827 157 in
850 122 985 158 insidias
1011 91 1235 158 circiiiniieifftit
1269 102 1279 170 l

190 177 263 208 est:
289 185 351 208 nec
375 173 536 208 evasisset
562 173 745 219 quisquam,
775 173 810 207 ni
835 186 924 208 mure
953 175 1176 220 propinquum
1201 177 1235 208 et
1278 185 1279 190 ¹

189 223 279 258 haud
296 224 413 270 procul
431 225 529 258 litore
547 236 647 258 naves
665 225 850 271 piscatoriae
867 225 1030 271 pleraeque
1051 229 1236 270 conspectae

161 275 306 320 6peritis
339 275 441 309 nandi
471 275 640 309 dedissent
673 275 842 320 effugium.
891 276 1030 322 Aliquot
1057 279 1169 310 tamen
1197 287 1236 309 eo
1282 295 1283 302 κ

189 325 304 371 proelio
336 326 463 360 nobiles
491 328 633 370 juvenes
667 326 755 371 eapti
788 327 938 372 caesique,
968 328 1055 362 inter
1087 339 1169 372 quos
1202 329 1237 360 et

189 377 336 421 Hegeas,
366 377 544 422 praefectus
578 377 738 422 equitum,
773 377 1048 422 intemperantius
1082 378 1237 412 cedentes

161 438 178 470 7
191 431 354 473 sequutus
372 427 502 462 cecidit.
552 427 606 462 Ab
620 427 701 462 urbe
720 429 943 473 oppugnanda
960 431 1096 464 Poenum
1112 429 1238 463 abster-

190 491 287 514 ruere
311 483 490 525 conspecta
514 480 634 514 moenia
654 479 908 525 haudquaquam
933 484 1088 526 prompta
1111 493 1239 526 oppug-

190 531 294 565 nanti.

122 585 180 626 (2)
236 581 320 615 Inde
339 581 489 626 Capuam
508 581 613 615 flectit
634 581 698 615 iter
720 581 943 616 luxuriantem
961 582 1060 627 longa
1082 582 1239 616 felicitate

190 634 291 678 atque
306 632 517 677 indulgentia
535 633 688 674 fortunae,
702 633 845 667 maxime
859 636 969 667 tamen
984 633 1070 667 inter
1083 636 1240 678 corrupta

190 683 300 717 onmia
321 683 456 717 lieentia
479 683 585 727 plebis
611 684 680 718 siue
704 683 801 718 modo
827 683 1013 718 libertatem
1040 684 1239 718 exercentis.

162 734 350 768 2Senatum
377 736 411 768 et
437 734 501 768 sibi
526 737 559 768 et
584 734 672 779 plebi
694 734 874 769 obnoxium
896 734 1061 769 Pacuvius
1086 735 1240 768 Calavius

192 785 327 827 fecerat,
346 785 465 820 nobilis
483 785 569 819 idem
588 797 625 820 ac
648 786 816 830 popularis
835 787 942 827 homo,
967 790 1122 820 caeterum
1147 785 1240 820 malis

163 838 320 872 3artibus
338 841 480 872 nanctus
503 849 594 883 opes.
645 838 681 872 Is
705 851 807 883 quum
825 851 863 872 eo
881 839 967 872 forte
991 850 1086 879 anno,
1106 851 1170 883 quo
1188 850 1240 872 res

192 888 278 923 male
296 891 392 934 gesta
408 889 449 923 ad
472 888 737 923 Trasumennum
757 892 818 930 est,
838 890 870 923 in
889 901 1016 923 summo
1041 891 1241 934 magistratu

192 943 293 982 esset,
308 940 376 985 jam
395 939 451 974 diu
469 940 626 974 infestam
651 940 781 974 senatui
806 940 930 985 plebem
953 944 1046 974 ratus
1068 953 1127 985 per
1149 952 1242 975 ocea-

192 992 320 1025 sionem
349 991 493 1025 novandi
521 1003 574 1025 res
603 1003 758 1034 maguum
794 1004 948 1025 ausuram
979 991 1106 1025 facinus
1136 994 1183 1031 ut,
1213 991 1242 1025 si

192 1042 227 1076 in
251 1054 290 1076 ea
323 1042 395 1077 loca
428 1042 600 1077 Hannibal
632 1055 707 1076 cum
733 1043 858 1077 victore
884 1043 1033 1077 exercitu
1061 1042 1240 1085 venissent,

192 1092 364 1128 trucidato
398 1097 516 1128 senatu
552 1095 701 1128 traderet
735 1094 883 1138 Capuam
918 1094 1040 1136 Poenis,
1072 1094 1242 1139 improbus

193 1144 292 1178 homo
325 1144 383 1179 sed
417 1157 483 1179 non
517 1144 557 1179 ad
591 1150 778 1179 extremum
808 1144 968 1190 perditus,
999 1157 1100 1190 quum
1129 1145 1242 1179 mallet

192 1195 351 1230 incolumi
367 1208 464 1241 quam
480 1208 595 1230 eversa
612 1208 646 1230 ie
661 1196 792 1241 publiea
809 1196 978 1237 dominari,
994 1196 1114 1230 nullam
1130 1199 1241 1230 autem

193 1247 391 1281 incolumem
416 1260 489 1282 esse
512 1247 661 1282 orbatam
687 1247 820 1291 publico
846 1247 982 1282 consilio
1008 1247 1166 1289 erederet,
1191 1259 1243 1280 ra-

194 1298 319 1332 tionem
340 1299 403 1332 init
427 1311 492 1344 qua
514 1303 548 1333 et
571 1301 723 1332 senatum
750 1302 896 1333 servaret
922 1302 955 1332 et
978 1297 1158 1332 obnoxium
1180 1298 1243 1332 sibi

165 1356 233 1385 4210
250 1349 339 1395 plebi
361 1350 496 1384 faceret.
546 1350 676 1384 Vocato
699 1353 817 1383 senatu
835 1363 935 1395 quum
961 1349 1022 1383 sibi
1046 1349 1242 1383 defectionis

196 1400 236 1435 ab
261 1401 419 1435 Romanis
442 1401 615 1436 consilium
642 1401 840 1446 placiturum
862 1401 952 1435 nullo
975 1400 1082 1442 mon
1102 1401 1163 1434 nisi
1186 1413 1243 1434 ne-

196 1452 373 1486 cessarium
393 1453 523 1493 fuisset,
541 1452 700 1497 praesatus
723 1456 821 1493 esset,
842 1452 965 1497 quippe
983 1452 1039 1497 qui
1062 1451 1181 1486 liberos
1199 1464 1242 1485 ex

196 1503 300 1547 Appii
334 1503 462 1538 Claudii
497 1504 563 1538 filia
594 1503 732 1538 haberet
762 1504 926 1549 filiamque
956 1503 1072 1538 Romae
1101 1506 1243 1548 nuptum

196 1554 293 1588 Livio
311 1554 467 1596 dedisset,
487 1561 643 1589 <ueterum
671 1557 827 1599 majorem
851 1554 957 1589 multo
977 1567 1047 1588 rem
1071 1555 1242 1599 magisque

167 1605 376 1640 5timendam
397 1606 530 1641 instare.
582 1606 661 1640 Non
683 1606 769 1640 enim
793 1618 852 1650 per
874 1605 1093 1640 defectionem
1115 1605 1155 1639 ad
1180 1606 1243 1640 tol-

198 1656 329 1690 lendum
358 1669 396 1691 ex
423 1657 559 1692 civitate
585 1660 736 1691 senatum
763 1656 891 1702 plebem
917 1659 1078 1702 spectare,
1102 1656 1159 1690 sed
1185 1668 1244 1701 pei·

198 1707 319 1742 effidem
338 1711 473 1742 senatus
491 1721 627 1742 vacuam
646 1721 715 1742 rem
734 1708 899 1752 publicam
917 1708 1048 1742 tradere
1062 1707 1243 1742 Hannibali

167 1763 186 1792 6
199 1770 236 1794 ae
258 1760 369 1794 Ptenis
395 1760 488 1797 velle.
537 1760 587 1794 Eo
610 1771 646 1794 se
670 1759 817 1804 periculo
840 1771 937 1804 posse
962 1759 1101 1794 liberare
1126 1771 1192 1802 eos,
1215 1759 1243 1793 si
