1298 1921
0 0 334 15 ῤ--Ῑ

402 47 491 79 LIB.
515 45 652 77 XXIII.
680 47 815 76 32—34.
1069 48 1129 79 179

76 88 257 156 ἔέῑὶξέξέὕέἀ
273 120 426 156 consules
444 133 483 156 ae
500 123 653 156 senatum
671 120 900 167 populumque
924 120 1125 156 Romanum.

75 172 205 208 Praetor
222 173 310 208 inter
327 172 530 207 defectiones
549 176 699 207 veterum
724 172 889 207 sociorum
913 183 1000 206 nova
1022 173 1126 207 socie·
1140 175 1159 204 6

75 225 146 258 tate
168 227 236 258 tam
262 223 342 259 clari
362 224 451 270 regis
475 223 572 258 laetus
596 223 772 258 admodum
798 223 912 257 hostes
936 234 996 268 pro
1016 223 1126 269 hospi-

74 274 167 309 tibus
196 275 335 310 eomiter
362 275 510 319 accepit:
549 273 607 309 dat
635 275 691 321 qui
719 278 974 320 prosequantur,
1005 274 1126 309 itinera

74 337 150 360 cum
177 338 260 361 cura
289 326 530 368 demonstrent,
556 338 630 372 quoe
654 325 727 360 loca
751 337 902 371 quosque
931 325 1037 360 saltus
1067 332 1126 360 aut

74 376 247 412 Romanus
273 381 331 412 aut
356 377 471 412 hostes
498 379 647 412 teneant.
697 376 922 422 Xenophanes
953 389 1013 421 per
1041 385 1158 421 prae-7'

74 426 159 462 sidia
183 428 335 463 Romana
360 428 395 463 in
421 428 647 473 Campaniam,
670 427 746 463 inde
768 440 834 474 qua
855 427 1043 473 proximum
1061 428 1126 462 fuit

72 478 108 513 in
125 483 235 514 castra
256 479 457 514 Hannibalis
480 480 644 524 pervenit,
662 479 838 524 foedusque
863 491 939 514 cum
962 491 1001 513 eo
1025 483 1126 525 atque

73 531 251 565 amicitiam
275 531 391 576 jungit
420 530 549 576 legibus
578 531 639 572 his,
666 535 706 565 ut
734 531 911 576 Philippus
937 543 999 564 rex
1025 543 1125 576 quam

72 582 219 616 maxima
236 581 549 617 classe—ducentas
573 587 685 616 autem
702 594 804 616 naves
828 581 1005 616 videbatur
1028 582 1126 616 effec-

71 633 254 668 turus—in
267 633 399 668 Italiam
413 633 583 678 trajiceret
597 637 630 668 et
644 636 792 668 vastaret
806 633 1004 668 maritimam
1021 645 1123 675 oram,

72 682 194 718 bellum
222 697 280 730 pro
305 688 401 729 parte
427 697 488 719 sua
511 688 601 719 terra
627 684 778 729 marique
803 688 955 729 gereret:
986 684 1043 719 ubi
1069 684 1126 720 de-

74 734 232 770 bellatum
250 739 348 777 esset,
368 736 468 770 Italia
492 736 599 770 omnis
624 748 700 770 cum
723 736 795 781 ipsa
812 738 895 770 urbe
913 736 1022 770 Roma
1044 736 1125 771 Car-

71 786 332 832 thaginiensium
351 792 451 833 atque
476 787 676 822 Hannibalis
694 790 784 822 esset
810 787 989 833 praedaque
1014 788 1122 822 omnis

72 837 255 874 Hannibali
294 838 450 874 cederet:
493 838 680 884 perdomita
718 838 820 873 Italia
857 838 1056 884 navigarent
1087 839 1123 874 in

71 889 234 924 Graeciani
253 889 439 936 bellumque
464 902 540 925 cum
558 890 677 936 quibus
695 889 767 935 regi
792 890 937 934 placeret
955 894 1121 935 gererent,

69 952 144 985 quae
157 941 309 976 civitates
323 941 526 976 continentis
540 953 681 986 quaeque
698 940 815 976 insulae
832 940 874 975 ad
887 940 1121 976 Macedoniam

70 995 224 1037 vergunt,
259 1005 305 1028 eae
338 992 486 1038 Philippi
514 992 676 1038 regnique
708 994 781 1037 ejus
814 996 936 1027 essent.
986 993 1028 1027 In
1060 992 1119 1028 has
1132 996 1220 1039 (34)

70 1042 172 1078 ferme
188 1043 278 1088 leges
291 1044 381 1078 inter
397 1044 538 1078 Poenum
553 1043 670 1078 ducem
687 1043 883 1089 legatosque
895 1043 1121 1079 Macedonum

68 1094 172 1128 ictum
190 1094 317 1130 foedus:
345 1095 503 1140 missique
527 1107 603 1129 cum
623 1094 663 1128 iis
690 1094 731 1128 ad
750 1094 839 1140 regis
862 1095 967 1140 ipsius
990 1095 1121 1130 firman-

67 1145 142 1180 dam
165 1145 264 1181 fidem
287 1146 399 1192 legati,
420 1146 524 1192 Gisgo
547 1149 581 1180 et
604 1145 728 1180 Bostar
744 1148 778 1180 et
802 1146 917 1192 Mago,
937 1146 1054 1181 eodem
1079 1144 1133 1182 ad'

65 1197 210 1232 Junonis
238 1197 396 1240 Laciniae,
424 1197 482 1232 ubi
510 1197 604 1231 navis
635 1196 766 1232 occulta
795 1196 830 1231 in
859 1197 1005 1232 statione
1038 1201 1121 1241 erat,

65 1248 276 1294 perveniunt.
326 1247 409 1283 Inde
435 1248 577 1294 profecti
603 1260 705 1294 quum
729 1247 833 1282 altum
855 1251 1020 1290 tenerent,
1046 1261 1120 1283 oon·
1134 1258 1154 1287 2

66 1299 173 1344 speeti
189 1299 294 1334 classe
318 1299 472 1334 Romana
489 1303 581 1343 sunt,
598 1312 672 1345 quae
695 1299 850 1344 praesidio
868 1304 940 1334 erat
959 1300 1121 1336 Calabriae

66 1351 239 1387 litoribus:
266 1352 422 1387 Valerius
448 1352 587 1387 Flaccus
611 1364 763 1397 cercyros
788 1351 831 1386 ad
856 1352 1121 1398 persequendam

65 1402 367 1449 retrahendamque
395 1416 512 1439 navem
541 1416 643 1449 quum
676 1403 833 1446 misisset,
863 1403 970 1449 primo
1003 1404 1121 1450 fugere

65 1455 150 1501 regii
172 1454 293 1498 conati,
311 1454 440 1497 deinde,
459 1455 517 1490 ubi
540 1454 713 1489 celeritate
733 1454 821 1489 vinci
847 1458 1035 1497 senserunt,
1054 1460 1121 1490 tra-

65 1506 150 1541 dunt
177 1518 213 1541 se
242 1506 423 1541 Romanis:
459 1510 493 1541 et
523 1505 564 1541 ad
592 1506 790 1551 praefectum
823 1505 938 1541 classis
971 1506 1118 1549 adducti,

65 1570 168 1603 quum
193 1561 367 1603 quaereret,
386 1557 444 1603 qui
466 1560 500 1592 et
526 1556 615 1592 unde
632 1560 666 1591 et
685 1569 751 1602 quo
768 1556 946 1592 tenderent
971 1569 1118 1600 cursum,

65 1608 291 1654 Xenophanes
320 1610 431 1653 primo
459 1609 542 1643 satis
568 1609 636 1654 jam
664 1607 768 1643 semel
799 1608 882 1643 felix
910 1609 1121 1644 mendacium

65 1664 206 1703 struere,
225 1672 245 1694 a
261 1659 419 1705 Philippo
444 1672 480 1695 se
503 1659 543 1695 ad
567 1660 739 1694 Romanos
761 1659 901 1695 missum
919 1660 961 1695 ad
983 1660 1034 1695 M.
1053 1661 1122 1695 Va-

64 1711 193 1753 lerium,
220 1710 261 1746 ad
291 1723 390 1757 quem
416 1724 520 1746 unum
545 1711 611 1746 iter
635 1713 749 1745 tutum
774 1711 887 1754 fuerit,
916 1712 1118 1757 pervenisse,

65 1762 282 1809 Campaniam
307 1775 467 1810 superare
491 1763 648 1809 nequisse
672 1765 810 1808 saeptam
834 1763 982 1799 hostium
1008 1763 1122 1810 pracsi-
