<?xml version="1.0" encoding="UTF-8"?>
<!DOCTYPE html PUBLIC "-//W3C//DTD XHTML 1.0 Transitional//EN"
    "http://www.w3.org/TR/xhtml1/DTD/xhtml1-transitional.dtd">
<html xmlns="http://www.w3.org/1999/xhtml" xml:lang="en" lang="en">
 <head>
  <title>
</title>
<meta http-equiv="Content-Type" content="text/html;charset=utf-8" />
  <meta name='ocr-system' content='tesseract 3.04.00' />
  <meta name='ocr-capabilities' content='ocr_page ocr_carea ocr_par ocr_line ocrx_word'/>
</head>
<body>
  <div class='ocr_page' id='page_1' title='image "./booksxxixxivwith00livyuoft_0130.png"; bbox 0 0 1298 1921; ppageno 0'>
   <div class='ocr_carea' id='block_1_1' title="bbox 172 13 1226 135">
    <p class='ocr_par' dir='ltr' id='par_1_1' title="bbox 172 13 1226 135">
     <span class='ocr_line' id='line_1_1' title="bbox 174 13 966 47; baseline -0.003 -1"><span class='ocrx_word' id='word_1_1' title='bbox 174 17 235 47; x_wconf 87' lang='lat'>108</span> <span class='ocrx_word' id='word_1_2' title='bbox 423 14 460 46; x_wconf 86' lang='lat' dir='ltr'>T.</span> <span class='ocrx_word' id='word_1_3' title='bbox 486 14 604 44; x_wconf 90' lang='lat' dir='ltr'>LIVII</span> <span class='ocrx_word' id='word_1_4' title='bbox 629 13 966 44; x_wconf 80' lang='lat' dir='ltr'><strong>HISTORIARUM</strong></span> 
     </span>
     <span class='ocr_line' id='line_1_2' title="bbox 172 55 1226 135; baseline -0.001 -9"><span class='ocrx_word' id='word_1_5' title='bbox 172 93 372 135; x_wconf 77' lang='lat' dir='ltr'>Romanum,</span> <span class='ocrx_word' id='word_1_6' title='bbox 396 91 519 126; x_wconf 85' lang='lat' dir='ltr'>levium</span> <span class='ocrx_word' id='word_1_7' title='bbox 551 103 716 126; x_wconf 84' lang='lat' dir='ltr'>armorum</span> <span class='ocrx_word' id='word_1_8' title='bbox 744 91 868 126; x_wconf 78' lang='lat' dir='ltr'>auxilia</span> <span class='ocrx_word' id='word_1_9' title='bbox 891 92 990 126; x_wconf 84' lang='lat' dir='ltr'>etiam</span> <span class='ocrx_word' id='word_1_10' title='bbox 1017 55 1154 126; x_wconf 43' lang='lat' dir='ltr'>exttsr&#39;nca</span> <span class='ocrx_word' id='word_1_11' title='bbox 1166 57 1226 125; x_wconf 45' lang='lat'>2333:</span> 
     </span>
    </p>
   </div>
   <div class='ocr_carea' id='block_1_2' title="bbox 85 142 1228 1784">
    <p class='ocr_par' dir='ltr' id='par_1_2' title="bbox 85 142 1228 1784">
     <span class='ocr_line' id='line_1_3' title="bbox 171 142 1225 188; baseline -0.002 -10"><span class='ocrx_word' id='word_1_12' title='bbox 171 143 260 178; x_wconf 85' lang='lat' dir='ltr'>disse</span> <span class='ocrx_word' id='word_1_13' title='bbox 278 143 312 177; x_wconf 86' lang='lat' dir='ltr'>in</span> <span class='ocrx_word' id='word_1_14' title='bbox 337 143 456 178; x_wconf 82' lang='lat' dir='ltr'>castris</span> <span class='ocrx_word' id='word_1_15' title='bbox 476 143 660 177; x_wconf 76' lang='lat' dir='ltr'>Romanis:</span> <span class='ocrx_word' id='word_1_16' title='bbox 687 143 800 188; x_wconf 85' lang='lat' dir='ltr'>itaque</span> <span class='ocrx_word' id='word_1_17' title='bbox 822 143 952 178; x_wconf 79' lang='lat' dir='ltr'>misisse</span> <span class='ocrx_word' id='word_1_18' title='bbox 975 142 1063 177; x_wconf 86' lang='lat' dir='ltr'>mille</span> <span class='ocrx_word' id='word_1_19' title='bbox 1088 142 1225 187; x_wconf 79' lang='lat' dir='ltr'>sagitta-</span> 
     </span>
     <span class='ocr_line' id='line_1_4' title="bbox 171 194 1225 240; baseline -0.002 -11"><span class='ocrx_word' id='word_1_20' title='bbox 171 195 299 229; x_wconf 87' lang='lat' dir='ltr'>riorum</span> <span class='ocrx_word' id='word_1_21' title='bbox 317 207 354 229; x_wconf 85' lang='lat' dir='ltr'>ae</span> <span class='ocrx_word' id='word_1_22' title='bbox 373 194 594 237; x_wconf 85' lang='lat' dir='ltr'>funditorum,</span> <span class='ocrx_word' id='word_1_23' title='bbox 613 197 723 240; x_wconf 79' lang='lat' dir='ltr'>aptam</span> <span class='ocrx_word' id='word_1_24' title='bbox 742 207 875 229; x_wconf 82' lang='lat' dir='ltr'>manum</span> <span class='ocrx_word' id='word_1_25' title='bbox 894 194 1051 229; x_wconf 78' lang='lat' dir='ltr'>adversus</span> <span class='ocrx_word' id='word_1_26' title='bbox 1070 194 1225 228; x_wconf 69' lang='lat' dir='ltr'>Baleares</span> 
     </span>
     <span class='ocr_line' id='line_1_5' title="bbox 141 244 1226 291; baseline -0.002 -10"><span class='ocrx_word' id='word_1_27' title='bbox 141 250 211 284; x_wconf 83' lang='lat' dir='ltr'>7ae</span> <span class='ocrx_word' id='word_1_28' title='bbox 230 247 368 280; x_wconf 84' lang='lat' dir='ltr'>Mauros</span> <span class='ocrx_word' id='word_1_29' title='bbox 392 258 629 291; x_wconf 74' lang='lat' dir='ltr'>pugnacesque</span> <span class='ocrx_word' id='word_1_30' title='bbox 653 245 732 280; x_wconf 81' lang='lat' dir='ltr'>alias</span> <span class='ocrx_word' id='word_1_31' title='bbox 759 246 877 280; x_wconf 79' lang='lat' dir='ltr'>missili</span> <span class='ocrx_word' id='word_1_32' title='bbox 899 246 966 281; x_wconf 91' lang='lat' dir='ltr'>telo</span> <span class='ocrx_word' id='word_1_33' title='bbox 992 249 1120 291; x_wconf 83' lang='lat' dir='ltr'>gentes.</span> <span class='ocrx_word' id='word_1_34' title='bbox 1170 244 1226 279; x_wconf 87' lang='lat' dir='ltr'>Ad</span> 
     </span>
     <span class='ocr_line' id='line_1_6' title="bbox 172 296 1225 342; baseline -0.003 -10"><span class='ocrx_word' id='word_1_35' title='bbox 172 309 212 332; x_wconf 88' lang='lat' dir='ltr'>ea</span> <span class='ocrx_word' id='word_1_36' title='bbox 228 297 315 332; x_wconf 84' lang='lat' dir='ltr'>dona</span> <span class='ocrx_word' id='word_1_37' title='bbox 331 297 506 331; x_wconf 84' lang='lat' dir='ltr'>consilium</span> <span class='ocrx_word' id='word_1_38' title='bbox 531 309 662 342; x_wconf 89' lang='lat' dir='ltr'>quoque</span> <span class='ocrx_word' id='word_1_39' title='bbox 689 297 853 332; x_wconf 75' lang='lat' dir='ltr'>addebant</span> <span class='ocrx_word' id='word_1_40' title='bbox 872 302 909 332; x_wconf 91' lang='lat' dir='ltr'>ut</span> <span class='ocrx_word' id='word_1_41' title='bbox 929 303 1059 342; x_wconf 65' lang='lat' dir='ltr'>prmtor,</span> <span class='ocrx_word' id='word_1_42' title='bbox 1079 296 1132 331; x_wconf 86' lang='lat' dir='ltr'>cui</span> <span class='ocrx_word' id='word_1_43' title='bbox 1150 308 1225 341; x_wconf 86' lang='lat' dir='ltr'>pro-</span> 
     </span>
     <span class='ocr_line' id='line_1_7' title="bbox 171 348 1225 392; baseline -0.002 -9"><span class='ocrx_word' id='word_1_44' title='bbox 171 349 281 384; x_wconf 76' lang='lat' dir='ltr'>vincia</span> <span class='ocrx_word' id='word_1_45' title='bbox 306 348 418 383; x_wconf 80' lang='lat' dir='ltr'>Sicilia</span> <span class='ocrx_word' id='word_1_46' title='bbox 442 348 619 390; x_wconf 86' lang='lat' dir='ltr'>evenisset,</span> <span class='ocrx_word' id='word_1_47' title='bbox 647 348 785 383; x_wconf 80' lang='lat' dir='ltr'>classem</span> <span class='ocrx_word' id='word_1_48' title='bbox 810 349 845 384; x_wconf 90' lang='lat' dir='ltr'>in</span> <span class='ocrx_word' id='word_1_49' title='bbox 869 349 1017 383; x_wconf 80' lang='lat' dir='ltr'>Africam</span> <span class='ocrx_word' id='word_1_50' title='bbox 1042 348 1225 392; x_wconf 73' lang='lat' dir='ltr'>trajiceret,</span> 
     </span>
     <span class='ocr_line' id='line_1_8' title="bbox 172 400 1224 443; baseline -0.002 -8"><span class='ocrx_word' id='word_1_51' title='bbox 172 404 211 435; x_wconf 88' lang='lat' dir='ltr'>ut</span> <span class='ocrx_word' id='word_1_52' title='bbox 236 403 270 435; x_wconf 86' lang='lat' dir='ltr'>et</span> <span class='ocrx_word' id='word_1_53' title='bbox 294 400 408 434; x_wconf 88' lang='lat' dir='ltr'>hostes</span> <span class='ocrx_word' id='word_1_54' title='bbox 434 400 469 434; x_wconf 89' lang='lat' dir='ltr'>in</span> <span class='ocrx_word' id='word_1_55' title='bbox 493 403 584 434; x_wconf 76' lang='lat' dir='ltr'>terra</span> <span class='ocrx_word' id='word_1_56' title='bbox 611 412 671 434; x_wconf 86' lang='lat' dir='ltr'>sua</span> <span class='ocrx_word' id='word_1_57' title='bbox 702 400 822 435; x_wconf 85' lang='lat' dir='ltr'>bellum</span> <span class='ocrx_word' id='word_1_58' title='bbox 847 400 1017 441; x_wconf 82' lang='lat' dir='ltr'>haberent,</span> <span class='ocrx_word' id='word_1_59' title='bbox 1046 400 1224 443; x_wconf 87' lang='lat' dir='ltr'>minusque</span> 
     </span>
     <span class='ocr_line' id='line_1_9' title="bbox 172 450 1223 486; baseline -0.003 0"><span class='ocrx_word' id='word_1_60' title='bbox 172 451 353 486; x_wconf 78' lang='lat' dir='ltr'>laxamenti</span> <span class='ocrx_word' id='word_1_61' title='bbox 371 451 507 486; x_wconf 80' lang='lat' dir='ltr'>daretur</span> <span class='ocrx_word' id='word_1_62' title='bbox 524 451 575 485; x_wconf 79' lang='lat' dir='ltr'>his</span> <span class='ocrx_word' id='word_1_63' title='bbox 594 451 635 486; x_wconf 85' lang='lat' dir='ltr'>ad</span> <span class='ocrx_word' id='word_1_64' title='bbox 653 452 774 485; x_wconf 80' lang='lat' dir='ltr'>auxilia</span> <span class='ocrx_word' id='word_1_65' title='bbox 787 451 968 486; x_wconf 78' lang='lat' dir='ltr'>Hannibali</span> <span class='ocrx_word' id='word_1_66' title='bbox 986 450 1223 486; x_wconf 77' lang='lat' dir='ltr'>submittenda.</span> 
     </span>
     <span class='ocr_line' id='line_1_10' title="bbox 139 503 1225 548; baseline -0.003 -10"><span class='ocrx_word' id='word_1_67' title='bbox 139 508 158 537; x_wconf 86' lang='grc'>8</span> <span class='ocrx_word' id='word_1_68' title='bbox 174 503 227 538; x_wconf 93' lang='lat' dir='ltr'>Ab</span> <span class='ocrx_word' id='word_1_69' title='bbox 250 506 369 538; x_wconf 81' lang='lat' dir='ltr'>senatu</span> <span class='ocrx_word' id='word_1_70' title='bbox 394 503 442 537; x_wconf 84' lang='lat' dir='ltr'>ita</span> <span class='ocrx_word' id='word_1_71' title='bbox 464 515 662 547; x_wconf 84' lang='lat' dir='ltr'>responsum</span> <span class='ocrx_word' id='word_1_72' title='bbox 687 503 758 548; x_wconf 80' lang='lat' dir='ltr'>regi</span> <span class='ocrx_word' id='word_1_73' title='bbox 776 508 836 544; x_wconf 86' lang='lat' dir='ltr'>est,</span> <span class='ocrx_word' id='word_1_74' title='bbox 856 504 963 537; x_wconf 83' lang='lat' dir='ltr'>virum</span> <span class='ocrx_word' id='word_1_75' title='bbox 990 503 1110 537; x_wconf 86' lang='lat' dir='ltr'>bonum</span> <span class='ocrx_word' id='word_1_76' title='bbox 1134 514 1225 547; x_wconf 76' lang='lat' dir='ltr'>egre-</span> 
     </span>
     <span class='ocr_line' id='line_1_11' title="bbox 173 554 1225 601; baseline -0.001 -12"><span class='ocrx_word' id='word_1_77' title='bbox 173 555 332 601; x_wconf 82' lang='lat' dir='ltr'>giumque</span> <span class='ocrx_word' id='word_1_78' title='bbox 357 554 483 589; x_wconf 88' lang='lat' dir='ltr'>socium</span> <span class='ocrx_word' id='word_1_79' title='bbox 508 555 690 589; x_wconf 80' lang='lat' dir='ltr'>Hieronem</span> <span class='ocrx_word' id='word_1_80' title='bbox 719 567 790 589; x_wconf 85' lang='lat' dir='ltr'>esse</span> <span class='ocrx_word' id='word_1_81' title='bbox 816 559 915 600; x_wconf 81' lang='lat' dir='ltr'>atque</span> <span class='ocrx_word' id='word_1_82' title='bbox 941 567 1007 588; x_wconf 90' lang='lat' dir='ltr'>uno</span> <span class='ocrx_word' id='word_1_83' title='bbox 1032 559 1158 594; x_wconf 81' lang='lat' dir='ltr'>tenore,</span> <span class='ocrx_word' id='word_1_84' title='bbox 1183 566 1225 588; x_wconf 78' lang='lat' dir='ltr'>ex</span> 
     </span>
     <span class='ocr_line' id='line_1_12' title="bbox 174 605 1226 652; baseline -0.002 -11"><span class='ocrx_word' id='word_1_85' title='bbox 174 618 240 652; x_wconf 89' lang='lat' dir='ltr'>quo</span> <span class='ocrx_word' id='word_1_86' title='bbox 257 606 291 640; x_wconf 91' lang='lat' dir='ltr'>in</span> <span class='ocrx_word' id='word_1_87' title='bbox 309 606 487 641; x_wconf 76' lang='lat' dir='ltr'>amicitiam</span> <span class='ocrx_word' id='word_1_88' title='bbox 506 606 623 651; x_wconf 87' lang='lat' dir='ltr'>populi</span> <span class='ocrx_word' id='word_1_89' title='bbox 642 606 787 640; x_wconf 81' lang='lat' dir='ltr'>Romani</span> <span class='ocrx_word' id='word_1_90' title='bbox 806 606 943 647; x_wconf 82' lang='lat' dir='ltr'>venerit,</span> <span class='ocrx_word' id='word_1_91' title='bbox 962 605 1059 640; x_wconf 86' lang='lat' dir='ltr'>fidem</span> <span class='ocrx_word' id='word_1_92' title='bbox 1084 605 1226 640; x_wconf 87' lang='lat' dir='ltr'>coluisse</span> 
     </span>
     <span class='ocr_line' id='line_1_13' title="bbox 173 656 1226 703; baseline -0.002 -11"><span class='ocrx_word' id='word_1_93' title='bbox 173 669 211 692; x_wconf 87' lang='lat' dir='ltr'>ac</span> <span class='ocrx_word' id='word_1_94' title='bbox 229 669 298 692; x_wconf 88' lang='lat' dir='ltr'>rem</span> <span class='ocrx_word' id='word_1_95' title='bbox 316 658 499 692; x_wconf 79' lang='lat' dir='ltr'>Romanam</span> <span class='ocrx_word' id='word_1_96' title='bbox 521 658 612 692; x_wconf 88' lang='lat' dir='ltr'>omni</span> <span class='ocrx_word' id='word_1_97' title='bbox 630 661 780 703; x_wconf 77' lang='lat' dir='ltr'>tempore</span> <span class='ocrx_word' id='word_1_98' title='bbox 804 670 841 692; x_wconf 90' lang='lat' dir='ltr'>ac</span> <span class='ocrx_word' id='word_1_99' title='bbox 858 658 930 692; x_wconf 90' lang='lat' dir='ltr'>loco</span> <span class='ocrx_word' id='word_1_100' title='bbox 954 657 1109 691; x_wconf 81' lang='lat' dir='ltr'>munifice</span> <span class='ocrx_word' id='word_1_101' title='bbox 1132 656 1226 701; x_wconf 85' lang='lat' dir='ltr'>adju-</span> 
     </span>
     <span class='ocr_line' id='line_1_14' title="bbox 173 708 1225 755; baseline -0.001 -13"><span class='ocrx_word' id='word_1_102' title='bbox 173 709 282 744; x_wconf 84' lang='lat' dir='ltr'>visse:</span> <span class='ocrx_word' id='word_1_103' title='bbox 309 708 342 744; x_wconf 86' lang='lat' dir='ltr'>id</span> <span class='ocrx_word' id='word_1_104' title='bbox 368 708 508 754; x_wconf 84' lang='lat' dir='ltr'>perinde</span> <span class='ocrx_word' id='word_1_105' title='bbox 534 721 571 744; x_wconf 84' lang='lat' dir='ltr'>ac</span> <span class='ocrx_word' id='word_1_106' title='bbox 598 708 735 744; x_wconf 87' lang='lat' dir='ltr'>deberet</span> <span class='ocrx_word' id='word_1_107' title='bbox 762 714 894 755; x_wconf 68' lang='lat' dir='ltr'>gratum</span> <span class='ocrx_word' id='word_1_108' title='bbox 922 708 1045 753; x_wconf 80' lang='lat' dir='ltr'>populo</span> <span class='ocrx_word' id='word_1_109' title='bbox 1076 709 1225 742; x_wconf 86' lang='lat' dir='ltr'>Romano</span> 
     </span>
     <span class='ocr_line' id='line_1_15' title="bbox 142 759 1226 806; baseline -0.002 -12"><span class='ocrx_word' id='word_1_110' title='bbox 142 765 161 795; x_wconf 90' lang='lat'><em>9</em></span> <span class='ocrx_word' id='word_1_111' title='bbox 176 773 258 795; x_wconf 86' lang='lat' dir='ltr'>esse.</span> <span class='ocrx_word' id='word_1_112' title='bbox 324 761 455 794; x_wconf 86' lang='lat' dir='ltr'>Aurum</span> <span class='ocrx_word' id='word_1_113' title='bbox 491 763 524 795; x_wconf 88' lang='lat' dir='ltr'>et</span> <span class='ocrx_word' id='word_1_114' title='bbox 558 772 577 794; x_wconf 87' lang='lat' dir='ltr'>a</span> <span class='ocrx_word' id='word_1_115' title='bbox 610 761 802 795; x_wconf 75' lang='lat' dir='ltr'>civitatibus</span> <span class='ocrx_word' id='word_1_116' title='bbox 840 760 1037 806; x_wconf 80' lang='lat' dir='ltr'>quibusdam</span> <span class='ocrx_word' id='word_1_117' title='bbox 1077 759 1226 793; x_wconf 82' lang='lat' dir='ltr'>adlatum</span> 
     </span>
     <span class='ocr_line' id='line_1_16' title="bbox 174 811 1223 858; baseline -0.002 -12"><span class='ocrx_word' id='word_1_118' title='bbox 174 811 284 857; x_wconf 77' lang='lat' dir='ltr'>gratia</span> <span class='ocrx_word' id='word_1_119' title='bbox 308 811 357 846; x_wconf 88' lang='lat' dir='ltr'>rei</span> <span class='ocrx_word' id='word_1_120' title='bbox 384 816 523 856; x_wconf 76' lang='lat' dir='ltr'>accepta</span> <span class='ocrx_word' id='word_1_121' title='bbox 547 824 615 846; x_wconf 91' lang='lat' dir='ltr'>non</span> <span class='ocrx_word' id='word_1_122' title='bbox 641 812 806 858; x_wconf 83' lang='lat' dir='ltr'>accepisse</span> <span class='ocrx_word' id='word_1_123' title='bbox 829 811 989 858; x_wconf 86' lang='lat' dir='ltr'>populum</span> <span class='ocrx_word' id='word_1_124' title='bbox 1014 811 1223 845; x_wconf 85' lang='lat' dir='ltr'>Romanum:</span> 
     </span>
     <span class='ocr_line' id='line_1_17' title="bbox 174 861 1226 909; baseline -0.002 -12"><span class='ocrx_word' id='word_1_125' title='bbox 174 862 362 897; x_wconf 79' lang='lat' dir='ltr'>Victoriam</span> <span class='ocrx_word' id='word_1_126' title='bbox 380 875 543 908; x_wconf 90' lang='lat' dir='ltr'>omenque</span> <span class='ocrx_word' id='word_1_127' title='bbox 563 863 712 908; x_wconf 80' lang='lat' dir='ltr'>accipere</span> <span class='ocrx_word' id='word_1_128' title='bbox 733 863 911 909; x_wconf 81' lang='lat' dir='ltr'>sedemque</span> <span class='ocrx_word' id='word_1_129' title='bbox 936 863 967 897; x_wconf 89' lang='lat' dir='ltr'>ei</span> <span class='ocrx_word' id='word_1_130' title='bbox 989 874 1024 897; x_wconf 86' lang='lat' dir='ltr'>se</span> <span class='ocrx_word' id='word_1_131' title='bbox 1047 862 1130 896; x_wconf 75' lang='lat' dir='ltr'>divae</span> <span class='ocrx_word' id='word_1_132' title='bbox 1148 861 1226 896; x_wconf 85' lang='lat' dir='ltr'>dare</span> 
     </span>
     <span class='ocr_line' id='line_1_18' title="bbox 174 913 1227 960; baseline -0.002 -12"><span class='ocrx_word' id='word_1_133' title='bbox 174 914 285 949; x_wconf 86' lang='lat' dir='ltr'>dicare</span> <span class='ocrx_word' id='word_1_134' title='bbox 311 914 526 960; x_wconf 82' lang='lat' dir='ltr'>Capitolium,</span> <span class='ocrx_word' id='word_1_135' title='bbox 552 914 715 960; x_wconf 88' lang='lat' dir='ltr'>templum</span> <span class='ocrx_word' id='word_1_136' title='bbox 742 915 836 949; x_wconf 81' lang='lat' dir='ltr'>Jovis</span> <span class='ocrx_word' id='word_1_137' title='bbox 862 914 979 959; x_wconf 82' lang='lat' dir='ltr'>optimi</span> <span class='ocrx_word' id='word_1_138' title='bbox 1004 913 1157 948; x_wconf 83' lang='lat' dir='ltr'>maximi:</span> <span class='ocrx_word' id='word_1_139' title='bbox 1192 913 1227 947; x_wconf 88' lang='lat' dir='ltr'>in</span> 
     </span>
     <span class='ocr_line' id='line_1_19' title="bbox 175 965 1226 1010; baseline -0.002 -10"><span class='ocrx_word' id='word_1_140' title='bbox 175 978 214 1000; x_wconf 83' lang='lat' dir='ltr'>ea</span> <span class='ocrx_word' id='word_1_141' title='bbox 231 978 305 1001; x_wconf 83' lang='lat' dir='ltr'>arce</span> <span class='ocrx_word' id='word_1_142' title='bbox 322 965 415 1000; x_wconf 87' lang='lat' dir='ltr'>urbis</span> <span class='ocrx_word' id='word_1_143' title='bbox 435 966 597 1000; x_wconf 78' lang='lat' dir='ltr'>Romanae</span> <span class='ocrx_word' id='word_1_144' title='bbox 615 970 776 1000; x_wconf 78' lang='lat' dir='ltr'>sacratam</span> <span class='ocrx_word' id='word_1_145' title='bbox 797 966 961 1000; x_wconf 84' lang='lat' dir='ltr'>volentem</span> <span class='ocrx_word' id='word_1_146' title='bbox 984 965 1226 1010; x_wconf 85' lang='lat' dir='ltr'>propitiamque</span> 
     </span>
     <span class='ocr_line' id='line_1_20' title="bbox 123 1015 1226 1063; baseline -0.002 -11"><span class='ocrx_word' id='word_1_147' title='bbox 123 1023 163 1053; x_wconf 91' lang='lat'>10</span> <span class='ocrx_word' id='word_1_148' title='bbox 176 1017 304 1052; x_wconf 84' lang='lat' dir='ltr'>firmam</span> <span class='ocrx_word' id='word_1_149' title='bbox 327 1029 365 1052; x_wconf 80' lang='lat' dir='ltr'>ac</span> <span class='ocrx_word' id='word_1_150' title='bbox 389 1017 542 1052; x_wconf 81' lang='lat' dir='ltr'>stabilem</span> <span class='ocrx_word' id='word_1_151' title='bbox 569 1017 639 1052; x_wconf 88' lang='lat' dir='ltr'>fore</span> <span class='ocrx_word' id='word_1_152' title='bbox 666 1017 787 1063; x_wconf 86' lang='lat' dir='ltr'>populo</span> <span class='ocrx_word' id='word_1_153' title='bbox 813 1018 976 1051; x_wconf 79' lang='lat' dir='ltr'>Romano.</span> <span class='ocrx_word' id='word_1_154' title='bbox 1025 1015 1226 1050; x_wconf 74' lang='lat' dir='ltr'>Funditores</span> 
     </span>
     <span class='ocr_line' id='line_1_21' title="bbox 175 1067 1227 1114; baseline -0.002 -11"><span class='ocrx_word' id='word_1_155' title='bbox 175 1068 410 1114; x_wconf 82' lang='lat' dir='ltr'>sagittariique</span> <span class='ocrx_word' id='word_1_156' title='bbox 427 1071 462 1103; x_wconf 89' lang='lat' dir='ltr'>et</span> <span class='ocrx_word' id='word_1_157' title='bbox 480 1069 688 1103; x_wconf 83' lang='lat' dir='ltr'>frumentum</span> <span class='ocrx_word' id='word_1_158' title='bbox 711 1069 870 1103; x_wconf 77' lang='lat' dir='ltr'>traditum</span> <span class='ocrx_word' id='word_1_159' title='bbox 894 1067 1104 1103; x_wconf 84' lang='lat' dir='ltr'>consulibus:</span> <span class='ocrx_word' id='word_1_160' title='bbox 1132 1067 1227 1113; x_wconf 89' lang='lat' dir='ltr'>quin-</span> 
     </span>
     <span class='ocr_line' id='line_1_22' title="bbox 176 1118 1226 1166; baseline -0.003 -11"><span class='ocrx_word' id='word_1_161' title='bbox 176 1132 349 1165; x_wconf 87' lang='lat' dir='ltr'>queremes</span> <span class='ocrx_word' id='word_1_162' title='bbox 383 1119 425 1154; x_wconf 82' lang='lat' dir='ltr'>ad</span> <span class='ocrx_word' id='word_1_163' title='bbox 458 1120 597 1154; x_wconf 79' lang='lat' dir='ltr'>navium</span> <span class='ocrx_word' id='word_1_164' title='bbox 632 1120 780 1162; x_wconf 86' lang='lat' dir='ltr'>classem,</span> <span class='ocrx_word' id='word_1_165' title='bbox 816 1133 890 1166; x_wconf 85' lang='lat' dir='ltr'>quae</span> <span class='ocrx_word' id='word_1_166' title='bbox 923 1131 998 1154; x_wconf 88' lang='lat' dir='ltr'>eum</span> <span class='ocrx_word' id='word_1_167' title='bbox 1027 1119 1064 1153; x_wconf 87' lang='grc' dir='ltr'>Τ.</span> <span class='ocrx_word' id='word_1_168' title='bbox 1083 1118 1226 1153; x_wconf 88' lang='lat' dir='ltr'>Otacilio</span> 
     </span>
     <span class='ocr_line' id='line_1_23' title="bbox 175 1170 1227 1217; baseline -0.001 -12"><span class='ocrx_word' id='word_1_169' title='bbox 175 1175 379 1217; x_wconf 80' lang='lat' dir='ltr'>propraetore</span> <span class='ocrx_word' id='word_1_170' title='bbox 405 1171 439 1206; x_wconf 89' lang='lat' dir='ltr'>in</span> <span class='ocrx_word' id='word_1_171' title='bbox 468 1171 584 1206; x_wconf 81' lang='lat' dir='ltr'>Sicilia</span> <span class='ocrx_word' id='word_1_172' title='bbox 608 1174 713 1213; x_wconf 85' lang='lat' dir='ltr'>erant,</span> <span class='ocrx_word' id='word_1_173' title='bbox 739 1171 885 1217; x_wconf 87' lang='lat' dir='ltr'>quinque</span> <span class='ocrx_word' id='word_1_174' title='bbox 908 1176 941 1206; x_wconf 87' lang='lat' dir='ltr'>et</span> <span class='ocrx_word' id='word_1_175' title='bbox 961 1171 1078 1217; x_wconf 83' lang='lat' dir='ltr'>viginti</span> <span class='ocrx_word' id='word_1_176' title='bbox 1096 1170 1227 1212; x_wconf 59' lang='lat' dir='ltr'>additaz,</span> 
     </span>
     <span class='ocr_line' id='line_1_24' title="bbox 176 1222 1228 1269; baseline -0.001 -12"><span class='ocrx_word' id='word_1_177' title='bbox 176 1223 444 1268; x_wconf 84' lang='lat' dir='ltr'>permissumque</span> <span class='ocrx_word' id='word_1_178' title='bbox 471 1228 522 1257; x_wconf 90' lang='lat' dir='ltr'>est</span> <span class='ocrx_word' id='word_1_179' title='bbox 547 1226 594 1264; x_wconf 87' lang='lat' dir='ltr'>ut,</span> <span class='ocrx_word' id='word_1_180' title='bbox 614 1223 642 1257; x_wconf 86' lang='lat' dir='ltr'>si</span> <span class='ocrx_word' id='word_1_181' title='bbox 667 1235 684 1258; x_wconf 91' lang='lat' dir='ltr'>e</span> <span class='ocrx_word' id='word_1_182' title='bbox 702 1236 737 1258; x_wconf 87' lang='lat' dir='ltr'>re</span> <span class='ocrx_word' id='word_1_183' title='bbox 760 1223 891 1269; x_wconf 79' lang='lat' dir='ltr'>publica</span> <span class='ocrx_word' id='word_1_184' title='bbox 913 1226 1063 1258; x_wconf 83' lang='lat' dir='ltr'>censeret</span> <span class='ocrx_word' id='word_1_185' title='bbox 1087 1234 1168 1264; x_wconf 86' lang='lat' dir='ltr'>esse,</span> <span class='ocrx_word' id='word_1_186' title='bbox 1192 1222 1228 1256; x_wconf 87' lang='lat' dir='ltr'>in</span> 
     </span>
     <span class='ocr_line' id='line_1_25' title="bbox 179 1274 548 1319; baseline 0 -11"><span class='ocrx_word' id='word_1_187' title='bbox 179 1274 325 1309; x_wconf 81' lang='lat' dir='ltr'>Africam</span> <span class='ocrx_word' id='word_1_188' title='bbox 345 1274 548 1319; x_wconf 77' lang='lat' dir='ltr'>trajicerent,</span> 
     </span>
     <span class='ocr_line' id='line_1_26' title="bbox 85 1319 1226 1372; baseline -0.004 -9"><span class='ocrx_word' id='word_1_189' title='bbox 85 1319 169 1365; x_wconf 89' lang='grc'>(38)</span> <span class='ocrx_word' id='word_1_190' title='bbox 227 1325 364 1360; x_wconf 88' lang='lat' dir='ltr'>Dilectu</span> <span class='ocrx_word' id='word_1_191' title='bbox 389 1326 540 1371; x_wconf 72' lang='lat' dir='ltr'>perfeeto</span> <span class='ocrx_word' id='word_1_192' title='bbox 570 1325 722 1360; x_wconf 83' lang='lat' dir='ltr'>consules</span> <span class='ocrx_word' id='word_1_193' title='bbox 748 1338 870 1372; x_wconf 80' lang='lat' dir='ltr'>paucos</span> <span class='ocrx_word' id='word_1_194' title='bbox 895 1325 1016 1360; x_wconf 83' lang='lat' dir='ltr'>morati</span> <span class='ocrx_word' id='word_1_195' title='bbox 1041 1324 1120 1366; x_wconf 87' lang='lat' dir='ltr'>dies,</span> <span class='ocrx_word' id='word_1_196' title='bbox 1148 1324 1226 1359; x_wconf 88' lang='lat' dir='ltr'>dum</span> 
     </span>
     <span class='ocr_line' id='line_1_27' title="bbox 145 1376 1226 1422; baseline 0.001 -11"><span class='ocrx_word' id='word_1_197' title='bbox 145 1377 260 1411; x_wconf 83' lang='lat' dir='ltr'>2socii</span> <span class='ocrx_word' id='word_1_198' title='bbox 285 1376 325 1412; x_wconf 82' lang='lat' dir='ltr'>ab</span> <span class='ocrx_word' id='word_1_199' title='bbox 351 1377 484 1411; x_wconf 85' lang='lat' dir='ltr'>nominc</span> <span class='ocrx_word' id='word_1_200' title='bbox 510 1377 633 1411; x_wconf 86' lang='lat' dir='ltr'>Latino</span> <span class='ocrx_word' id='word_1_201' title='bbox 661 1378 821 1412; x_wconf 84' lang='lat' dir='ltr'>venirent.</span> <span class='ocrx_word' id='word_1_202' title='bbox 873 1378 1001 1412; x_wconf 84' lang='lat' dir='ltr'>Milites</span> <span class='ocrx_word' id='word_1_203' title='bbox 1028 1380 1111 1420; x_wconf 87' lang='lat' dir='ltr'>tum,</span> <span class='ocrx_word' id='word_1_204' title='bbox 1139 1377 1226 1422; x_wconf 86' lang='lat' dir='ltr'>quod</span> 
     </span>
     <span class='ocr_line' id='line_1_28' title="bbox 177 1428 1226 1474; baseline 0 -12"><span class='ocrx_word' id='word_1_205' title='bbox 177 1440 358 1474; x_wconf 83' lang='lat' dir='ltr'>numquam</span> <span class='ocrx_word' id='word_1_206' title='bbox 383 1432 481 1463; x_wconf 86' lang='lat' dir='ltr'>antea</span> <span class='ocrx_word' id='word_1_207' title='bbox 507 1429 635 1462; x_wconf 84' lang='lat' dir='ltr'>factum</span> <span class='ocrx_word' id='word_1_208' title='bbox 661 1433 742 1472; x_wconf 75' lang='lat' dir='ltr'>erat,</span> <span class='ocrx_word' id='word_1_209' title='bbox 762 1430 836 1474; x_wconf 86' lang='lat' dir='ltr'>jure</span> <span class='ocrx_word' id='word_1_210' title='bbox 856 1429 998 1474; x_wconf 84' lang='lat' dir='ltr'>jurando</span> <span class='ocrx_word' id='word_1_211' title='bbox 1023 1428 1064 1463; x_wconf 81' lang='lat' dir='ltr'>ab</span> <span class='ocrx_word' id='word_1_212' title='bbox 1081 1428 1226 1463; x_wconf 88' lang='lat' dir='ltr'>tribunis</span> 
     </span>
     <span class='ocr_line' id='line_1_29' title="bbox 177 1479 1227 1525; baseline 0.001 -12"><span class='ocrx_word' id='word_1_213' title='bbox 177 1479 320 1514; x_wconf 77' lang='lat' dir='ltr'>rnilitum</span> <span class='ocrx_word' id='word_1_214' title='bbox 346 1479 464 1523; x_wconf 81' lang='lat' dir='ltr'>adacti,</span> <span class='ocrx_word' id='word_1_215' title='bbox 484 1482 585 1524; x_wconf 86' lang='lat' dir='ltr'>jussu</span> <span class='ocrx_word' id='word_1_216' title='bbox 608 1481 781 1515; x_wconf 87' lang='lat' dir='ltr'>consulum</span> <span class='ocrx_word' id='word_1_217' title='bbox 805 1485 1027 1515; x_wconf 71' lang='lat' dir='ltr'>conventuros</span> <span class='ocrx_word' id='word_1_218' title='bbox 1049 1492 1156 1525; x_wconf 90' lang='lat' dir='ltr'>neque</span> <span class='ocrx_word' id='word_1_219' title='bbox 1177 1480 1227 1514; x_wconf 89' lang='lat' dir='ltr'>in-</span> 
     </span>
     <span class='ocr_line' id='line_1_30' title="bbox 144 1530 1228 1577; baseline -0.001 -11"><span class='ocrx_word' id='word_1_220' title='bbox 144 1537 164 1567; x_wconf 85' lang='lat'>3</span> <span class='ocrx_word' id='word_1_221' title='bbox 173 1533 274 1576; x_wconf 78' lang='lat' dir='ltr'>jussu</span> <span class='ocrx_word' id='word_1_222' title='bbox 291 1530 451 1565; x_wconf 82' lang='lat' dir='ltr'>abituros.</span> <span class='ocrx_word' id='word_1_223' title='bbox 506 1531 593 1565; x_wconf 82' lang='lat' dir='ltr'>Nam</span> <span class='ocrx_word' id='word_1_224' title='bbox 621 1532 662 1565; x_wconf 83' lang='lat' dir='ltr'>ad</span> <span class='ocrx_word' id='word_1_225' title='bbox 679 1544 750 1566; x_wconf 81' lang='lat' dir='ltr'>eam</span> <span class='ocrx_word' id='word_1_226' title='bbox 768 1531 853 1566; x_wconf 84' lang='lat' dir='ltr'>diem</span> <span class='ocrx_word' id='word_1_227' title='bbox 877 1532 959 1566; x_wconf 85' lang='lat' dir='ltr'>nihil</span> <span class='ocrx_word' id='word_1_228' title='bbox 982 1534 1102 1577; x_wconf 76' lang='lat' dir='ltr'>praeter</span> <span class='ocrx_word' id='word_1_229' title='bbox 1119 1543 1228 1565; x_wconf 78' lang='lat' dir='ltr'>sacra-</span> 
     </span>
     <span class='ocr_line' id='line_1_31' title="bbox 177 1582 1226 1625; baseline 0.001 -9"><span class='ocrx_word' id='word_1_230' title='bbox 177 1585 326 1616; x_wconf 88' lang='lat' dir='ltr'>mentum</span> <span class='ocrx_word' id='word_1_231' title='bbox 346 1582 466 1625; x_wconf 75' lang='lat' dir='ltr'>fuerat,</span> <span class='ocrx_word' id='word_1_232' title='bbox 485 1586 529 1624; x_wconf 81' lang='lat' dir='ltr'>et,</span> <span class='ocrx_word' id='word_1_233' title='bbox 552 1582 608 1617; x_wconf 86' lang='lat' dir='ltr'>ubi</span> <span class='ocrx_word' id='word_1_234' title='bbox 633 1583 672 1617; x_wconf 74' lang='lat' dir='ltr'>acl</span> <span class='ocrx_word' id='word_1_235' title='bbox 697 1583 903 1618; x_wconf 79' lang='lat' dir='ltr'>decuriatum</span> <span class='ocrx_word' id='word_1_236' title='bbox 927 1587 984 1618; x_wconf 87' lang='lat' dir='ltr'>aut</span> <span class='ocrx_word' id='word_1_237' title='bbox 1003 1583 1226 1617; x_wconf 78' lang='lat' dir='ltr'>centuriatum</span> 
     </span>
     <span class='ocr_line' id='line_1_32' title="bbox 178 1633 1227 1679; baseline 0.001 -12"><span class='ocrx_word' id='word_1_238' title='bbox 178 1633 423 1675; x_wconf 87' lang='lat' dir='ltr'>convenissent,</span> <span class='ocrx_word' id='word_1_239' title='bbox 455 1647 516 1668; x_wconf 85' lang='lat' dir='ltr'>sua</span> <span class='ocrx_word' id='word_1_240' title='bbox 546 1634 720 1669; x_wconf 78' lang='lat' dir='ltr'>voluntate</span> <span class='ocrx_word' id='word_1_241' title='bbox 749 1635 811 1679; x_wconf 68' lang='lat' dir='ltr'>ipsi</span> <span class='ocrx_word' id='word_1_242' title='bbox 844 1635 932 1669; x_wconf 83' lang='lat' dir='ltr'>inter</span> <span class='ocrx_word' id='word_1_243' title='bbox 960 1647 1032 1669; x_wconf 88' lang='lat' dir='ltr'>sese</span> <span class='ocrx_word' id='word_1_244' title='bbox 1065 1634 1227 1669; x_wconf 80' lang='lat' dir='ltr'>decuriati</span> 
     </span>
     <span class='ocr_line' id='line_1_33' title="bbox 177 1685 1227 1731; baseline 0.003 -13"><span class='ocrx_word' id='word_1_245' title='bbox 177 1685 307 1729; x_wconf 82' lang='lat' dir='ltr'>equites</span> <span class='ocrx_word' id='word_1_246' title='bbox 325 1685 503 1719; x_wconf 86' lang='lat' dir='ltr'>centuriati</span> <span class='ocrx_word' id='word_1_247' title='bbox 528 1685 659 1731; x_wconf 82' lang='lat' dir='ltr'>pedites</span> <span class='ocrx_word' id='word_1_248' title='bbox 683 1687 911 1730; x_wconf 75' lang='lat' dir='ltr'>conjurabant,</span> <span class='ocrx_word' id='word_1_249' title='bbox 931 1699 1003 1721; x_wconf 84' lang='lat' dir='ltr'>sese</span> <span class='ocrx_word' id='word_1_250' title='bbox 1021 1686 1107 1731; x_wconf 80' lang='lat' dir='ltr'>sugae</span> <span class='ocrx_word' id='word_1_251' title='bbox 1126 1692 1227 1731; x_wconf 81' lang='lat' dir='ltr'>atque</span> 
     </span>
     <span class='ocr_line' id='line_1_34' title="bbox 177 1735 1227 1784; baseline 0.003 -14"><span class='ocrx_word' id='word_1_252' title='bbox 177 1735 363 1771; x_wconf 83' lang='lat' dir='ltr'>formidinis</span> <span class='ocrx_word' id='word_1_253' title='bbox 388 1748 468 1783; x_wconf 85' lang='lat' dir='ltr'>ergo</span> <span class='ocrx_word' id='word_1_254' title='bbox 499 1749 566 1771; x_wconf 90' lang='lat' dir='ltr'>non</span> <span class='ocrx_word' id='word_1_255' title='bbox 591 1737 741 1772; x_wconf 82' lang='lat' dir='ltr'>abituros</span> <span class='ocrx_word' id='word_1_256' title='bbox 770 1750 878 1784; x_wconf 89' lang='lat' dir='ltr'>neque</span> <span class='ocrx_word' id='word_1_257' title='bbox 904 1750 948 1773; x_wconf 83' lang='lat' dir='ltr'>ex</span> <span class='ocrx_word' id='word_1_258' title='bbox 976 1737 1091 1772; x_wconf 84' lang='lat' dir='ltr'>ordine</span> <span class='ocrx_word' id='word_1_259' title='bbox 1119 1750 1227 1773; x_wconf 79' lang='lat' dir='ltr'>reces-</span> 
     </span>
    </p>
   </div>
  </div>
 </body>
</html>
