1298 1921
0 0 765 23 ῤ’,-

383 64 775 96 L113.XX11.12.13.
1056 64 1094 93 81

42 107 203 187 {iel‘iassff
230 139 477 199 premendoque
513 137 729 185 superiorem,
761 148 835 183 quae
866 136 1012 182 pessima
1043 148 1098 172 ars

41 192 140 228 nimis
165 193 333 239 prosperis
358 191 541 226 multorum
565 189 776 225 successibus
801 188 916 231 crevit,
940 200 1013 223 sese
1035 199 1098 223 ex-

42 243 193 279 tollebat.

88 293 261 330 Hannibal
277 306 321 329 ex
344 292 498 339 Hirpinis
519 292 555 327 in
578 291 750 327 Samnium
771 291 904 333 transit,
922 290 1095 326 Beneven-
1105 290 1184 334 (13)

41 347 159 380 tanum
183 345 406 392 depopulatur
427 357 554 390 agrum,
579 343 741 379 Telesiam
763 343 880 378 urbem
901 346 1002 387 capit,
1024 342 1095 377 irri-

40 399 93 432 tat
119 397 221 432 etiam
249 396 290 432 de
318 396 484 431 industria
512 395 642 435 ducem,
669 395 698 430 si
726 394 814 429 forte
840 406 1016 429 accensum
1042 397 1096 429 tot

40 447 300 494 indignitatibus
325 447 474 483 cladibus
499 446 665 482 sociorum
690 445 866 481 detrahere
893 445 936 480 ad
963 457 1094 491 aequum

41 502 211 534 certamen
235 499 352 545 possit.
402 499 499 533 Inter
522 497 771 533 multitudinem
795 497 961 532 sociorum
985 496 1126 532 Italici2

41 550 183 596 generis,
211 550 268 597 qui
292 550 334 585 ad
359 550 624 585 Trasumennum
653 549 743 594 capti
767 548 808 583 ab
833 548 1023 583 Hannibale
1048 547 1096 582 di-

41 601 200 648 missique
229 601 372 642 fuerant,
401 604 470 636 tres
500 600 661 645 Campani
693 600 822 645 equites
849 603 955 641 erant,
981 599 1095 634 multis

38 652 108 697 jam
125 656 199 687 tum
215 652 317 687 illecti
334 651 429 687 donis
447 651 686 697 promissisque
708 650 908 686 Hannibalis
930 650 970 685 ad
988 650 1094 685 conci-

43 702 172 738 liandos
194 703 403 749 popularium
426 703 575 737 animos:
601 702 636 737 hi
658 702 863 743 nuntiantes,
889 702 917 737 si
939 702 974 736 in
999 702 1096 736 Cam-

42 754 178 798 paniam
194 754 379 789 exercitum
395 754 607 795 admovisset,
632 753 756 798 Capuae
779 753 945 799 potiendae
967 753 1094 799 copiam

43 806 126 849 sore,
159 817 265 850 quum
296 817 349 840 res
382 806 490 850 major
519 817 618 851 quam
646 808 800 840 auctores
829 808 928 847 esset,
957 804 1094 839 dubium

41 856 267 891 Hannibalem
292 855 494 902 alternisque
517 856 675 891 fidentem
701 868 739 891 ac
761 855 963 890 diffidentem
984 859 1096 890 tamen

40 910 80 942 ut
109 907 297 953 Campanos
322 919 365 942 ex
392 907 525 942 Samnio
554 910 685 953 peteret
714 910 913 942 moveruntx
939 907 1094 948 monitos,

40 961 80 994 ut
103 958 205 994 etiam
225 965 326 1004 atque
350 958 450 993 etiam
475 958 640 1004 promissa
660 958 761 993 rebus
787 958 1008 999 adfirmarent,
1023 960 1096 1003 jus-

41 1021 164 1056 sosque
197 1021 273 1044 cum
306 1009 459 1055 pluribus
491 1014 526 1045 et
559 1010 724 1056 aliquibus
765 1009 955 1056 principum
987 1009 1096 1044 redire

41 1061 84 1096 ad
115 1073 151 1096 se
184 1060 320 1096 dimisit.
379 1061 458 1106 Ipse
490 1061 631 1107 imperat
664 1061 741 1096 duci
772 1065 811 1096 ut
844 1073 879 1096 se
910 1061 946 1095 in
978 1069 1126 1107 agrun13

41 1113 234 1148 Casinatem
259 1112 369 1154 ducat,
396 1112 535 1148 edoctus
561 1125 581 1148 a
608 1113 725 1159 peritis
752 1113 935 1159 regionum,
964 1113 993 1147 si
1019 1125 1095 1147 eum

41 1164 163 1199 saltum
187 1169 396 1209 occupasset,
420 1164 548 1199 exitum
571 1165 724 1199 Romano
741 1164 783 1199 ad
807 1177 905 1210 opem
925 1164 1096 1200 ferendam

41 1216 141 1250 sociis
163 1215 435 1251 interclusurum.
486 1216 552 1251 Sed
574 1217 742 1252 Punicum
765 1216 946 1252 abhorrens
969 1216 1010 1251 ab
1032 1216 1127 1251 La-4

40 1267 114 1302 tino
145 1267 278 1302 nomine
312 1267 496 1302 Casilinum
524 1280 584 1314 pro
614 1268 737 1303 Casino
766 1268 835 1303 dux
865 1272 902 1303 ut
931 1268 1097 1313 acciperet

40 1317 130 1361 fecit,
156 1330 360 1364 aversusque
385 1318 426 1354 ab
451 1331 512 1354 suo
537 1319 657 1354 itinere
681 1332 742 1366 per
765 1319 948 1354 Allifanum
973 1320 1098 1354 Calati-

39 1381 187 1415 numque
212 1372 246 1404 et
272 1370 430 1405 Calenum
454 1383 572 1417 agrum
596 1371 631 1406 in
656 1383 807 1417 eampum
839 1371 1011 1406 Stellatem
1041 1372 1098 1406 de-

39 1420 181 1456 scendit.
228 1420 299 1456 Ubi
331 1434 434 1467 quum
459 1422 630 1457 montibus
655 1422 915 1469 fluminibusque
948 1423 1126 1457 clausam5

39 1472 211 1518 regionem
224 1472 527 1518 circumspexisset,
542 1477 698 1509 vocatum
712 1474 828 1509 ducem
847 1478 1096 1520 percunctatur,

38 1523 97 1558 ubi
114 1527 280 1558 terrarum
295 1527 396 1560 esset.
445 1525 561 1563 Quum
578 1526 606 1560 is
625 1525 763 1560 Casilini
780 1538 819 1560 eo
836 1526 889 1561 die
902 1539 1095 1561 mansurum
1108 1531 1125 1561 6

38 1586 114 1609 eum
141 1574 293 1618 dixisset,
315 1578 389 1610 tum
413 1575 546 1611 demum
572 1577 728 1624 cognitus
751 1580 803 1612 est
826 1590 919 1612 error
943 1582 978 1612 et
1003 1578 1097 1612 Casi-

37 1638 119 1661 num
136 1625 235 1671 longe
252 1626 330 1662 inde
347 1627 411 1663 alia
434 1629 570 1674 regione
595 1641 688 1664 esse:
715 1629 885 1676 virgisque
910 1642 995 1665 caeso
1013 1629 1097 1664 duce

37 1680 74 1713 et
98 1676 141 1712 ad
164 1677 369 1724 reliquorum
394 1682 557 1715 terrorem
581 1680 617 1715 in
645 1693 777 1716 crucem
807 1681 950 1723 sublato,
978 1682 1097 1716 eastris

58 1729 264 1771 ommunitis‚
279 1730 510 1766 Maharbalem
523 1744 599 1767 cum
617 1732 786 1778 equitibus
803 1733 837 1767 in
855 1745 971 1776 agrum
988 1733 1096 1767 Faler-

61 1792 117 1814 um
142 1779 329 1826 praedatum
353 1782 491 1818 dimisit.
542 1784 659 1830 Usque
682 1784 723 1819 ad
746 1796 852 1830 aquas
877 1785 1096 1819 Sinuessanas
1110 1788 1126 1820 7

85 1845 142 1864 mv.
157 1845 229 1864 HIST.
244 1845 280 1864 11·
550 1846 572 1869 G
