1298 1921
0 0 1298 19 *—

372 40 461 70 LIB.
487 39 604 70 XXII.
628 40 764 70 31-33,
1037 41 1097 71 103

48 82 307 154 gingozrigrcim
329 116 465 160 accepto
486 113 707 148 hibernaculis
731 115 860 148 mature
885 113 1097 149 communitis

48 170 278 204 —extremum
305 165 457 201 autumni
478 165 692 200 erat—Fabii
717 163 846 200 artibus
871 176 947 199 cum
969 177 1098 200 summa

48 221 135 256 inter
151 231 185 254 se
202 217 379 253 concordia
402 216 525 252 bellum
548 218 725 262 gesserunt
743 228 750 250 :
775 215 1021 251 frumentatum
1040 228 1097 251 ex-

48 271 141 307 eunti
158 269 340 305 Hannibali
358 268 497 304 diversis
511 267 591 303 locis
608 266 789 314 opportuni
805 266 944 302 aderant
961 279 1097 313 carpen-

48 327 99 358 tes
124 334 243 367 agmen
267 321 461 367 palatosque
486 319 709 365 excipientes:
735 319 771 354 'm
795 330 909 354 casum
933 319 1097 354 universae

49 372 278 415 dimicationis,
296 384 393 417 quam
412 370 565 406 omnibus
590 370 718 406 artibus
736 369 872 416 petebat
895 369 1012 411 hostis,
1032 382 1099 404 non

48 424 243 460 veniebant:
270 422 312 458 ad
336 435 441 468 eoque
466 422 584 468 inopiae
608 424 660 456 est
689 424 825 456 coactus
851 421 1023 456 Hannibal
1046 424 1096 463 ut,

0 505 1 513 ,
48 476 113 511 nisi
144 488 222 510 curn
254 474 343 520 fugae
376 473 485 520 specie
523 472 712 508 abeundum
744 473 922 514 timuisset,
958 472 1100 508 Galliam

0 538 2 554 ·
48 527 254 572 repetiturus
279 526 390 567 fuerit,
408 524 499 560 nulla
520 524 636 559 relicta
658 536 717 569 spe
740 523 848 559 alendi
872 524 1038 559 exercitus
1064 524 1100 559 in

49 579 95 614 eis
113 578 203 621 locis,
221 578 250 612 si
265 579 482 623 insequentes
499 575 652 611 eonsules
677 575 802 611 eisdem
824 575 953 611 artibus
975 575 1100 611 bellum

49 632 213 676 gererent.

96 681 211 719 Quum
236 679 277 714 ad
303 678 503 714 Gereonium
523 679 593 723 jam
617 678 725 713 hieme
750 678 953 723 impediente
979 678 1099 714 consti·
1115 683 1132 710 2

47 733 147 767 tisset
171 731 303 773 bellum,
328 730 548 776 Neapolitani
571 730 675 776 legati
698 730 840 764 Romam
865 742 996 765 venere.
1046 729 1100 764 Ab
1115 735 1133 763 3

48 783 89 818 iis
107 782 328 829 quadraginta
344 785 469 827 paterae
492 794 599 816 aureae
616 781 728 827 magni
751 780 906 827 ponderis
924 781 958 816 in
975 781 1098 816 curiam

48 835 148 870 illatae
180 837 282 879 atque
314 833 363 868 ita
394 833 496 868 verba
528 833 617 868 facta
648 836 687 867 ut
720 832 880 874 dicerent,
912 833 996 868 scire
1029 845 1102 868 sese

49 885 164 932 populi
193 885 337 920 Romani
366 884 519 920 aerarium
548 884 633 919 bello
663 884 841 926 exhauriri,
872 887 908 919 et
937 897 1040 930 quum
1068 883 1103 919 id

45 939 146 983 juxta
177 948 237 982 pro
269 935 409 971 urbibus
443 935 598 981 agrisque
631 936 795 970 sociorum
828 947 867 971 ac
899 948 960 981 pro
992 936 1104 981 capite

50 992 151 1034 atque
173 1000 248 1023 arce
264 987 382 1029 Italiae,
399 986 482 1022 urbe
499 988 651 1022 Romana
668 990 768 1033 atque
790 987 938 1033 imperio,
956 990 1103 1032 geratur,

51 1052 183 1085 aequum
211 1039 380 1074 censuisse
409 1038 661 1085 Neapolitanos,
692 1038 782 1084 quod
810 1039 883 1074 auri
909 1039 972 1074 sibi
1001 1051 1104 1085 quum

51 1091 93 1126 ad
121 1090 320 1136 templorum
351 1093 505 1125 ornatum
532 1095 604 1125 tum
633 1090 674 1125 ad
701 1090 888 1125 subsidium
914 1091 1059 1126 fortunae
1086 1103 1105 1126 a

50 1142 232 1187 majoribus
260 1141 417 1177 relictum
446 1142 543 1184 foret,
574 1153 613 1176 eo
637 1143 757 1186 juvare
786 1141 948 1187 populum
981 1142 1106 1177 Roma-

50 1206 153 1228 num:
180 1193 208 1228 si
234 1205 332 1239 quam
358 1205 455 1239 opem
484 1193 519 1228 in
544 1205 617 1228 sese
642 1192 827 1236 crederent,
852 1193 967 1228 eodem
992 1193 1105 1228 studio

52 1245 156 1280 fuisse
184 1244 376 1280 oblaturos:
403 1247 537 1290 gratum
567 1244 630 1280 sibi
658 1247 772 1290 patres
800 1245 970 1280 Romanos
997 1257 1106 1290 popu-

51 1297 188 1342 lumque
220 1296 398 1337 facturum,
428 1297 458 1330 si
483 1308 597 1330 omnes
623 1308 675 1331 res
701 1296 1000 1342 Neapolitanorum
1027 1309 1105 1331 suas

53 1348 237 1390 duxissent,
272 1347 456 1394 dignosque
483 1347 709 1392 judicaverint
742 1348 783 1383 ab
816 1348 937 1394 quibus
970 1347 1104 1390 donum,

53 1400 162 1435 animo
179 1411 218 1434 ac
239 1399 413 1434 voluntate
430 1410 545 1434 eorum
566 1399 623 1444 qui
644 1399 785 1435 libentes
809 1399 927 1435 darent
949 1412 1049 1445 quam
1070 1412 1105 1435 re

53 1451 160 1496 majus
193 1450 410 1497 ampliusque,
445 1450 647 1496 acciperent.
705 1451 844 1497 Legatis
874 1451 990 1497 gratiae
1023 1454 1138 1486 actm

55 1515 115 1547 pro
132 1502 359 1537 munificentia
375 1513 530 1548 curaque,
553 1504 681 1547 patera,
706 1514 779 1548 quae
801 1502 957 1548 ponderis
979 1502 1107 1538 minimi

54 1553 130 1594 fuit,
149 1555 294 1599 accepta.

101 1605 168 1639 Per
192 1604 326 1639 eosdem
348 1603 418 1639 dies
441 1604 632 1649 speculator
654 1604 950 1651 Carthaginiensis,
968 1606 1026 1652 qui
1048 1605 1201 1652 per(33}

55 1655 226 1691 biennium
242 1655 416 1700 fefellerat,
434 1656 550 1691 Romae
567 1656 751 1702 deprensus
768 1657 982 1703 praecisisque
1004 1658 1108 1693 mani-

59 1708 122 1743 bus
139 1707 306 1751 dimissus,
323 1710 357 1742 et
380 1707 468 1743 servi
484 1708 630 1754 quinque
647 1712 681 1744 et
697 1709 818 1755 viginti
837 1709 873 1744 in
894 1722 1026 1745 crucem
1043 1710 1111 1745 acti

58 1759 147 1806 quod
159 1759 194 1794 in
211 1771 327 1805 campo
340 1759 466 1794 Martio
485 1761 717 1806 conjurassent
731 1776 739 1796 ι
765 1761 866 1797 indici
879 1761 958 1796 data
973 1761 1111 1797 libertas
