1298 1921
0 0 527 18 ——-—

394 60 484 92 LIB.
510 61 646 93 XXIII.
671 63 721 98 34,
740 63 791 92 35.
1067 64 1124 94 181

79 103 236 133 A.c.215.]

79 137 229 182 quassati
253 135 570 171 erant-subductae
598 148 699 172 naves
724 135 804 172 dum
831 136 1039 180 reficiuntur,
1069 136 1128 171 ali-

79 192 241 234 quantum
258 187 418 233 temporis
435 187 613 222 triverunt.

128 239 170 273 In
202 238 302 274 Italia
333 251 436 284 quum
470 241 546 284 post
580 239 790 274 Cannensem
823 251 982 285 pugnam,
1011 238 1127 274 fractis
1139 236 1206 279 (35

78 290 182 335 partis
207 289 344 324 alterius
367 289 504 331 viribus,
529 289 666 325 alterius
687 289 823 325 mollitis
847 290 975 331 animis,
993 290 1129 336 segnius

78 341 202 376 bellum
226 343 325 383 esset,
345 340 507 386 Campani
530 353 591 386 per
616 354 652 377 se
677 341 786 376 adorti
809 344 888 376 sunt
913 354 984 377 rem
1008 341 1130 376 Cuma-

77 404 154 427 nam
180 404 249 427 suae
271 391 406 427 ditionis
430 392 549 434 facere,
568 392 675 438 primo
699 392 916 428 sollicitantes
939 395 978 427 ut
995 391 1036 427 ab
1061 392 1132 427 Ro-

78 443 183 478 manis
218 443 412 484 deficerent,
437 443 496 478 ubi
524 443 560 478 id
593 456 710 490 parum
742 444 917 490 processit,
947 443 1059 479 dolum
1090 442 1131 478 ad

77 494 256 539 capiendos
282 507 339 530 eos
365 497 569 540 comparant.
621 495 800 541 Campanis
826 495 979 530 omnibus
1003 497 1163 530 statum2

78 546 276 581 sacrificium
300 545 341 580 ad
366 546 516 581 Hamas:
544 558 583 581 eo
607 551 760 581 senatum
779 546 987 592 Campanum
1011 549 1130 581 ventu-

77 610 152 632 rum
181 597 340 632 certiores
370 597 540 632 Cumanos
569 597 734 640 fecerunt,
761 598 1000 644 petieruntque
1028 602 1067 632 ut
1097 599 1131 632 et

79 648 250 683 Cumanus
268 660 307 683 eo
329 651 466 683 senatus
484 648 614 683 veniret
632 649 673 683 ad
699 649 958 684 consultandum
981 661 1131 684 commu-

77 700 175 741 niter,
210 702 249 734 ut
282 699 416 734 eosdem
450 702 592 745 uterque
626 700 769 746 populus
807 701 914 735 socios
948 700 1131 746 hostesque

77 751 237 786 haberet:
264 750 455 796 praesidium
477 750 524 785 ibi
545 755 710 786 armatum
733 764 769 787 se
791 751 966 786 habituros
989 764 1032 786 ne
1050 752 1130 797 quid

78 802 119 837 ab
153 803 306 837 Romano
335 803 480 837 Poenove
513 802 654 847 periculi
686 805 786 838 esset.
837 802 989 844 Cumani,
1018 810 1164 848 quam-3

78 867 177 900 quam
200 857 359 900 suspecta
374 854 466 888 fraus
489 857 572 896 erat,
592 855 675 889 nihil
700 855 856 898 abnuere,
873 855 922 889 ita
942 855 1014 901 tegi
1030 854 1132 889 fallax

77 905 255 941 consilium
271 917 370 951 posse
402 905 477 941 rati.
528 906 668 941 Interim
686 906 760 941 Tib.
780 906 997 951 Sempronius
1015 905 1132 941 consul
1145 914 1165 941 4

77 957 253 992 Romanus
279 950 467 999 Sinuessae‘s
477 969 543 1002 quo
569 957 610 992 ad
635 957 900 992 conveniendum
925 957 1013 992 diem
1038 956 1135 992 cdix..

78 1012 161 1052 erat,
184 1008 335 1044 exercitu
358 1009 502 1043 lustrato
527 1012 756 1055 transgressus
774 1009 985 1043 Vulturnum
1008 1009 1133 1043 flumen

78 1060 168 1095 circa
189 1060 369 1095 Liternum
391 1060 505 1105 posuit
530 1064 650 1095 castra.
700 1060 754 1096 Ibi
779 1060 858 1106 quia
882 1060 989 1095 otiosa
1011 1060 1133 1094 stativa
1147 1065 1164 1094 5

78 1113 185 1154 erant,
210 1111 327 1146 crebro
356 1110 534 1146 decurrere
562 1112 685 1147 milites
716 1111 867 1157 cogebat,
894 1116 933 1146 ut
958 1107 1133 1146 tirones—-

79 1175 119 1198 ea
147 1163 294 1197 maxima
326 1175 401 1208 pars
432 1162 589 1197 volonum
623 1163 1005 1198 erant-adsuescerent
1037 1163 1134 1208 signa

79 1213 175 1259 sequi
203 1217 237 1249 et
263 1214 298 1248 in
323 1214 392 1249 acie
426 1226 605 1260 agnoscere
638 1214 771 1250 ordines
801 1227 890 1249 suos.
939 1215 1036 1249 Inter
1061 1219 1166 1259 quae6

79 1266 227 1300 maxima
257 1265 366 1300 inerat
399 1277 480 1301 cura
512 1265 590 1300 duci
622 1266 736 1312 itaque
770 1265 890 1312 legatis
919 1265 1133 1311 tribunisque

79 1319 293 1363 praeceperat,
307 1329 349 1352 ne
366 1329 432 1363 qua
448 1317 661 1362 exprobratio
678 1318 832 1364 cuiquam
848 1317 970 1352 veteris
988 1317 1133 1352 fortunae

79 1367 279 1403 discordiam
311 1368 400 1403 inter
432 1368 565 1403 ordines
594 1372 731 1411 sereret,
758 1371 856 1403 vetus
889 1368 985 1404 miles
1017 1369 1133 1410 tironi,

79 1419 164 1454 liber
180 1418 290 1454 voloni
308 1431 381 1454 sese
400 1419 567 1465 exaequari
587 1420 723 1462 sineret,
742 1432 858 1455 omnes
877 1420 958 1455 satis
976 1420 1137 1455 honestos

83 1482 331 1516 generososque
356 1470 517 1506 ducerent
542 1471 664 1516 quibus
692 1483 783 1506 arma
808 1483 869 1506 sua
893 1471 1057 1518 signaque
1082 1483 1138 1517 po-

81 1522 182 1567 pulus
201 1522 374 1556 Romanus
394 1522 616 1557 commisisset
630 1538 636 1557 :
665 1535 738 1568 quae
755 1524 892 1557 fortuna
908 1523 1074 1569 coegisset
1091 1523 1139 1558 ita

81 1573 164 1615 fieri,
195 1572 336 1608 eandem
369 1585 489 1619 cogere
521 1574 612 1608 tueri
644 1573 782 1609 factum.
832 1574 882 1609 Ea
913 1586 983 1609 non
1014 1574 1173 1620 majore7

82 1636 164 1659 cura
191 1628 360 1670 praecepta
392 1624 433 1660 ab
466 1624 608 1660 ducibus
643 1629 722 1660 sunt
752 1638 850 1671 quam
884 1625 1048 1661 militibus
1082 1626 1140 1661 ob-

82 1679 226 1717 servata,
253 1675 415 1721 brevique
439 1678 537 1710 tanta
565 1676 743 1711 concordia
770 1677 965 1712 coaluerant
991 1678 1140 1712 omnium

82 1727 184 1761 animi
199 1731 239 1761 ut
256 1739 359 1772 prope
376 1726 412 1761 in
428 1727 627 1762 oblivionem
645 1728 785 1770 veniret,
801 1741 868 1774 qua
885 1741 927 1764 ex
944 1729 1138 1764 conditione

83 1779 226 1824 quisque
243 1781 333 1814 esset
350 1778 444 1814 miles
461 1778 582 1814 factus.
630 1779 716 1814 Haec
734 1779 849 1826 agenti
866 1780 1018 1816 Graccho
1034 1780 1170 1827 legatis
