1298 1921
174 33 232 65 116
415 34 451 64 Τ.
477 34 595 64 LIVII
620 34 955 65 HISTORIARUM
1056 77 1089 107 [A
1114 78 1134 101 C
1157 78 1204 102 216
1257 0 1271 100 ii

173 107 302 142 toribus
325 119 366 143 ex
390 120 451 143 sua
474 109 636 154 cujusque
660 109 910 154 opportunitate
935 109 1024 144 haud
1049 111 1119 144 sine
1146 123 1216 145 cer·
1261 106 1263 152 i
1287 114 1289 152 l

173 159 297 194 tamine
320 158 439 194 dabat:
466 172 507 194 ex
529 160 710 195 minoribus
733 166 846 195 tamen
872 161 1000 202 castris,
1020 174 1092 206 quae
1110 162 1218 206 posita.
1262 154 1264 167 ³

173 213 266 244 trans
284 210 442 244 Aufidum
465 214 569 252 erant,
588 211 721 245 liberius
742 211 949 257 aquabantur
971 212 1122 254 Romani,
1141 212 1220 257 quja
1265 253 1267 260 k

142 267 160 296 3
176 261 248 305 ripa
264 261 401 296 ulterior
417 262 545 296 nullum
562 262 704 296 habebat
722 262 866 296 hostium
884 262 1082 308 praesidiurn.
1124 263 1219 298 Han-
1265 263 1267 284 ²

176 311 264 346 nibal
289 324 380 357 spem
404 316 546 347 nanctus
569 313 648 347 locis
672 313 757 347 natis
780 313 821 347 ad
847 317 1035 359 equestrem
1061 327 1218 359 pugnam,
1266 286 1269 355 i

176 375 243 408 qua
271 366 364 408 parte
389 363 507 398 virium
533 364 676 398 invictus
701 367 783 405 erat,
810 364 958 399 facturos
983 365 1111 409 copiam
1137 377 1218 410 pug-

174 413 274 448 nandi
303 414 465 456 consules,
496 414 609 460 dirigit
638 415 740 449 aciem
769 415 968 460 lacessitque
996 415 1218 450 Numidarum

141 471 162 500 4
175 465 423 509 procursatione
448 466 570 500 hostes.
618 465 702 500 Inde
726 478 842 500 rursus
867 465 1035 501 sollicitari
1058 466 1219 501 seditione

174 516 308 550 militari
337 528 374 551 ac
399 515 562 551 discordia
586 516 758 551 consulum
794 517 946 550 Romana
970 520 1089 558 castra,
1117 530 1219 563 quum

174 566 298 601 Paulus
317 567 569 612 Semproniique
587 570 620 602 et
641 567 794 602 Flaminii
818 568 1041 602 temeritatem
1066 568 1219 610 Varroni,

172 617 280 652 Varro
298 619 483 663 speciosum
502 618 625 653 timidis
643 631 680 653 ac
698 618 854 664 segnibus
873 618 1011 653 ducibus
1029 619 1219 663 exemplum

173 668 312 703 Fabium
337 669 506 714 objiceret,
530 673 778 714 testareturque
803 669 881 703 deos
907 669 1132 715 hominesque,
1156 670 1219 712 hic,

172 720 295 754 nullam
321 733 421 764 penes
447 733 481 755 se
507 721 637 765 eulpam
663 733 744 762 esse,
770 720 858 765 quod
884 720 1052 755 Hannibal
1074 721 1142 766 jam
1168 721 1220 755 vel

173 784 236 805 usu
261 772 404 816 cepisset
430 771 572 813 Italiam,
599 784 634 806 se
659 772 876 806 constrictum
903 784 920 805 a
949 771 1075 815 collega
1102 773 1217 813 teneri,

171 822 295 857 ferrum
314 826 414 868 atque
432 835 521 857 arma
544 823 636 857 irat-is
654 827 687 857 et
711 834 861 867 pugnare
886 823 1097 867 cupientibus
1121 822 1219 857 adimi

172 873 342 915 militibus,
362 874 425 916 ille,
444 874 472 908 si
495 874 573 918 quid
592 874 748 919 projectis
772 886 809 908 ac
828 873 967 918 proditis
991 874 1031 908 ad
1054 874 1219 908 inconsul-

170 927 239 959 tam
258 928 358 970 atque
375 924 593 970 improvidam
611 937 756 970 pugnarn
779 924 965 969 legionibus
989 925 1163 965 accideret,
1184 938 1219 959 se

170 976 278 1010 01111115
308 975 412 1021 culpae
437 979 604 1010 exsortem
629 975 735 1010 01111115
761 978 902 1009 eventus
929 976 1123 1020 participem
1150 977 1219 1010 fore

171 1027 315 1062 diceret:
352 1026 479 1061 videret
513 1029 561 1070 ut,
595 1025 715 1071 quibus
748 1025 862 1071 lingua
894 1029 963 1060 tam
996 1030 1151 1071 prorupta
1182 1039 1220 1061 ac

171 1077 359 1119 temeraria,
377 1090 470 1122 aeque
487 1077 521 1111 111
538 1089 652 1122 pugna
669 1077 819 1122 vigerent
838 1089 965 1111 manus.

79 1123 160 1166 (45)
219 1130 307 1163 Dum
326 1128 598 1163 altercationibus
616 1128 721 1174 magis
740 1140 837 1173 quam
856 1128 1001 1162 consiliis
1023 1130 1154 1173 tempus
1173 1131 1219 1162 te—

172 1180 267 1221 ritur,
294 1179 464 1214 Hannibal
482 1192 523 1214 ex
546 1179 625 1220 acie,
646 1192 743 1224 quam
762 1179 802 1213 ad
820 1179 961 1213 multum
981 1179 1045 1213 diei
1065 1184 1218 1213 tenuerat

171 1231 379 1272 instructam,
411 1243 513 1276 quum
543 1231 576 1264 in
606 1236 716 1265 castra
744 1234 880 1264 caeteras
906 1230 1069 1275 reciperet
1093 1231 1216 1274 copias,

170 1282 336 1317 Numida-s
355 1281 396 1316 ad
414 1281 617 1316 invadendos
636 1294 676 1315 ex
699 1281 881 1315 minoribus
907 1281 1026 1315 castris
1052 1281 1218 1315 Romano-

134 1340 153 1369 2
170 1347 241 1368 111111
267 1337 444 1379 aquatores
465 1336 558 1367 trans
575 1333 700 1366 flumen
718 1333 833 1366 mittit.
885 1332 995 1369 Quam
1016 1332 1219 1367 inconditam

168 1385 299 1420 turbam
320 1397 421 1429 quum
444 1383 582 1419 vixdum
606 1384 640 1418 111
658 1383 762 1429 ripam
787 1383 912 1428 egressi
937 1383 1079 1417 clamore
1104 1395 1141 1418 ac
1166 1388 1219 1418 tu-

167 1437 277 1471 multu
295 1436 480 1481 fugassent,
498 1435 532 1469 in
550 1435 727 1469 stationem
749 1447 880 1479 quoque
899 1447 957 1479 pro
975 1434 1060 1468 vallo
1077 1434 1219 1469 locatam

135 1492 154 1522 3
169 1492 267 1533 atque
286 1488 373 1532 ipsas
392 1499 497 1531 prope
511 1490 624 1532 portas
638 1486 743 1520 evecti
759 1490 849 1520 sunt.
900 1486 940 1519 Id
955 1498 1032 1520 vero
1046 1485 1219 1531 indignum

169 1540 286 1579 visum,
304 1538 344 1573 ab
363 1538 582 1572 tumultuario
600 1537 722 1571 auxilio
736 1537 804 1582 jam
822 1537 922 1571 etiam
941 1540 1050 1571 castra
1067 1537 1219 1571 Romana

168 1590 296 1631 terreri,
324 1593 361 1623 ut
384 1602 421 1623 ea
444 1588 541 1623 modo
565 1601 631 1622 una
654 1600 763 1629 causa,
784 1600 824 1622 ne
846 1587 1015 1633 extemplo
1037 1588 1218 1622 transirent

168 1644 291 1676 flumen
321 1640 568 1686 dirigerentque
603 1640 715 1681 aciem,
743 1639 889 1674 tenuerit
919 1639 1098 1680 Romanos,
1130 1639 1217 1684 qnod

132 1698 296 1727 4s·imma
324 1692 454 1736 imperii
484 1705 522 1725 00
554 1691 606 1725 dic
634 1703 735 1735 penes
766 1691 906 1724 Paulum
936 1690 1047 1724 fuerit.
1097 1690 1217 1735 Itaque

168 1745 276 1778 Varro
294 1746 429 1789 postero
454 1742 515 1784 die,
541 1743 592 1776 eui
612 1754 684 1776 sors
708 1742 779 1787 ejus
801 1741 865 1776 diei
886 1741 1016 1791 imperii
1033 1744 1114 1783 erat,
1135 1741 1217 1776 nihil
