1298 1921
199 43 258 73 128
452 38 489 68 T.
507 38 625 69 LIVII
651 37 983 69 HISTORIARUM
1088 79 1099 99 Γ

197 128 265 150 sem
284 113 325 148 ad
342 113 481 159 AEgates
499 112 623 147 insulas
642 116 731 148 stare
748 115 898 158 paratam
915 79 1180 157 instructafiiijuee
1190 79 1248 152 iiii·

198 166 256 201 ubi
283 178 318 200 se
347 177 479 199 versum
508 163 549 198 ad
577 165 735 199 tuendam
769 165 1008 210 Syracusanam
1039 175 1129 197 oram
1153 163 1247 197 Poeni

200 217 393 257 sensissent,
428 215 613 260 Lilybaeum
646 215 813 260 extemplo
852 214 1120 260 provinciamque
1154 214 1247 248 aliam
1294 228 1298 250 ι

202 270 383 302 Romanam
410 266 692 311 adgrederentur:
723 267 836 312 itaque
861 266 965 301 classe
997 277 1081 311 opus
1115 278 1196 307 esse,
1223 265 1250 299 si
1294 266 1298 272 '

202 331 315 364 regem
334 317 461 353 socium
481 317 691 362 Siciliamque
708 318 796 352 tueri
813 317 946 352 vellent.

112 372 191 416 (57)
250 369 391 404 Litteris
417 368 561 403 consulis
593 369 872 414 propraetorisque
898 367 1052 413 perlectis
1086 368 1133 401 M.
1154 367 1252 401 Clau-

203 422 305 464 dium,
327 420 383 466 qui
406 420 504 454 classi
525 419 565 454 ad
590 420 720 454 Ostiam
746 420 853 454 stanti
876 422 1045 464 praeesset,
1071 418 1252 453 Canusium

202 474 245 510 ad
278 473 462 508 exereitum
495 471 696 506 mittendum
730 478 942 513 censuerunt,
978 471 1254 516 scribendumque

204 524 332 560 consuli
356 526 404 565 ut,
424 536 525 569 quum
551 524 686 568 praetori
709 524 895 558 exercitum
922 522 1124 564 tradidisset,
1149 522 1254 567 primo

205 589 336 623 quoque
358 579 518 621 tempore,
545 581 706 621 quantum
730 588 788 621 per
811 575 1020 610 commodum
1045 575 1091 609 rei
1116 574 1256 619 publicae

176 629 275 666 2fieri
294 630 419 673 posset,
439 628 577 661 Romam
595 628 734 662 veniret.
774 627 895 662 Territi
915 627 1014 661 etiam
1033 638 1132 671 super
1145 629 1256 659 tantas

206 679 316 714 clades
334 691 437 724 quum
460 678 591 712 eaeteris
616 678 776 724 prodigiis
799 682 872 712 tum
896 677 985 723 quod
1008 677 1082 712 duae
1103 676 1257 711 Vestales

206 744 245 766 eo
270 742 366 773 anno,
392 729 523 774 Opimia
547 732 648 774 atque
671 729 835 771 Floronia,
864 729 974 773 stupri
997 731 1197 773 compertae:
1224 731 1258 761 et

209 782 314 816 altera
331 780 393 816 sub
408 784 506 821 terra,
523 780 573 814 uti
590 793 661 815 mos
680 784 740 822 est,
757 780 797 815 ad
815 785 943 826 portam
964 780 1124 814 Collinam
1143 782 1260 813 necata

210 833 330 875 fuerat,
350 832 455 866 altera
471 831 604 866 sibimet
622 832 693 877 ipsa
709 835 850 866 mortem
865 832 1089 866 consciverat:
1117 831 1156 865 L.
1175 830 1260 864 Cau-

211 884 303 919 tilius
334 883 442 918 scriba
472 883 650 928 pontificis,
682 896 764 928 quos
793 895 881 918 nunc
910 883 1054 917 minores
1087 881 1261 927 pontifices

211 935 390 980 appellant,
405 934 461 980 qui
479 946 553 968 cum
574 934 729 968 Floronia
746 937 899 979 stuprum
918 934 1051 975 fecerat,
1071 945 1089 967 a
1106 932 1262 977 pontifice

212 986 357 1020 maximo
375 998 413 1020 eo
431 997 537 1030 usque
556 985 658 1031 virgis
676 986 711 1019 in
729 985 863 1020 comitio
887 997 992 1019 eaesus
1018 987 1100 1025 erat,
1119 989 1157 1018 ut
1175 984 1264 1017 inter

183 1037 353 1076 3verbera
374 1036 571 1082 exspiraret.
621 1037 698 1071 Hoc
723 1037 816 1071 nefas
838 1049 939 1082 quum
962 1037 1050 1070 inter
1072 1038 1134 1076 tot,
1153 1038 1192 1068 ut
1215 1034 1264 1075 fit,

213 1088 322 1124 clades
357 1088 391 1122 in
425 1087 616 1133 prodigium
650 1100 783 1122 versum
822 1091 922 1130 esset,
955 1087 1132 1121 decemviri
1164 1085 1265 1120 libros

214 1140 305 1174 adire
324 1139 413 1184 jussi
439 1142 528 1181 sunt,
553 1142 586 1173 et
609 1139 652 1176 Q.
673 1139 797 1173 Fabius
822 1139 936 1173 Pictor
958 1138 1108 1183 Delphos
1132 1137 1173 1171 ad
1195 1150 1266 1171 oru-

214 1191 327 1226 eulum
355 1190 477 1225 missus
499 1193 550 1224 cst
571 1190 788 1231 sciscitatum,
819 1190 939 1235 quibus
964 1189 1116 1234 precibus
1141 1187 1268 1233 suppli-

215 1243 341 1287 ciisque
367 1241 446 1276 deos
475 1244 612 1287 possent
641 1241 781 1287 placare,
807 1247 840 1275 ct
869 1253 1018 1286 quaenam
1053 1240 1168 1274 futura
1194 1239 1267 1273 finis

185 1294 320 1330 wantis
348 1293 497 1328 cladibus
527 1292 625 1328 foret.
675 1293 817 1327 Interim
847 1305 890 1327 ex
918 1292 1074 1326 fatalibus
1100 1291 1192 1325 libris
1219 1303 1268 1325 sa-

216 1345 340 1380 crificia
358 1345 485 1389 aliquot
502 1343 765 1378 extraordinaria
784 1344 884 1385 facta,
902 1344 990 1377 inter
1013 1356 1085 1388 quin
1104 1342 1218 1377 Gallus
1236 1344 1268 1376 et

218 1396 320 1439 Galla,
339 1396 474 1430 Grfeeus
499 1399 533 1429 et
558 1396 673 1430 Graeca
698 1395 732 1429 in
752 1395 824 1429 soro
846 1394 980 1429 bovario
1006 1394 1067 1428 sub
1090 1396 1182 1428 terra.
1204 1393 1266 1428 vivi

217 1447 353 1482 demissi
372 1450 450 1481 sunt
468 1447 505 1481 in
522 1446 631 1481 locum
650 1458 730 1481 saxo
748 1450 954 1491 conseptum,
970 1448 1040 1489 jam
1058 1448 1135 1479 ante
1153 1445 1267 1479 hostiis
1297 1444 1298 1477 Ξ

188 1498 553 1536 5humanis—-minime
582 1498 734 1532 Romano
758 1497 1075 1532 sacro—imbutum.
1125 1496 1268 1530 Placatis

218 1550 310 1592 satis,
329 1552 367 1584 ut
384 1549 555 1590 rebantur,
575 1549 645 1584 deis
662 1549 712 1583 M.
732 1549 892 1583 Claudius
919 1548 1099 1583 Marcellus
1117 1547 1157 1582 ab
1175 1547 1269 1581 Ostia

218 1601 307 1635 mille
336 1604 370 1635 et
399 1601 600 1646 quingentos
630 1601 761 1642 milites,
792 1613 875 1646 quos
905 1601 938 1634 in
963 1600 1101 1634 classem
1130 1599 1270 1644 scriptos

218 1652 374 1694 habebat,
401 1652 543 1686 Romam
564 1656 603 1687 ut
629 1652 703 1687 urbi
725 1652 877 1697 praesidio
904 1654 1014 1686 essent
1039 1651 1162 1685 mittit:
1190 1650 1269 1695 ipse,

220 1704 350 1744 legione
384 1703 608 1738 classica-ca
640 1703 725 1748 legio
759 1704 859 1738 tertia
892 1707 1087 1737 erat—eum
1128 1701 1270 1735 tribunis

222 1755 364 1790 militum
397 1755 546 1790 Teanum
580 1755 764 1790 Sidicinum
797 1754 977 1797 praemissa,
1012 1753 1116 1788 classe
1149 1752 1271 1787 tradita
