1298 1921
390 37 478 68 LIB.
503 36 641 67 XXIII.
667 38 718 74 41,
736 38 786 67 42.
1064 38 1124 69 189

70 82 102 105 A.
118 78 230 112 c.215.]

69 110 252 155 obtinebat,
275 111 408 147 crebras
434 112 648 147 excursiones
672 111 707 146 in
732 123 850 157 agrum
875 110 1062 156 Hirpinum
1087 114 1122 147 et

71 164 236 198 Sanmites
262 163 428 198 Caudinos
462 164 552 205 fecit,
580 163 728 208 adeoque
762 162 873 197 onmia
900 162 989 197 ferro
1019 166 1120 208 atque

69 215 139 261 igni
170 215 315 250 vastavit
348 217 387 250 nt
420 216 632 260 antiquarum
667 213 811 249 cladium
838 214 972 248 Samnio
997 226 1120 249 merno-

69 267 152 302 riam
174 268 359 301 renovaret.
410 266 531 312 Itaque
557 265 730 310 extemplo
755 265 858 310 legati
882 265 921 299 ad
946 265 1119 300 Hanniba·
1135 261 1218 301 (42)

68 318 133 353 lem
150 318 242 352 missi
260 317 359 352 simul
376 330 419 352 ex
437 321 580 363 utraque
597 321 699 363 gente
722 316 771 351 ita
787 317 928 351 Poenum
948 316 1121 362 adloquuti

69 375 169 406 sunt:
198 371 359 404 “Hostes
385 370 499 415 populi
524 369 678 410 Romani,
698 368 879 410 Hannibal,
903 369 1028 403 fuimus
1056 369 1122 414 pri-

16 427 20 434 ”
69 435 159 457 mum
179 434 238 467 per
254 433 315 456 nos
332 421 408 466 ipsi,
427 420 537 466 quoad
559 425 676 455 nostra
698 432 790 455 arma
813 424 937 455 nostrae
956 420 1042 455 vires
1060 433 1122 455 nos

70 473 176 508 tutari
192 475 358 518 poterant.
408 473 593 518 Postquam
616 472 667 506 his
685 484 802 517 parum
825 471 1021 513 fidebamus,
1040 472 1122 517 Pyr·
1137 475 1155 503 2

70 525 130 559 rho
158 524 230 570 regi
256 536 316 558 nos
346 523 568 569 adjunximus,
594 535 613 557 a
642 535 709 568 quo
733 522 842 557 relicti
866 535 982 568 pacem
1009 535 1123 557 neces-

70 576 191 611 sariam
224 575 412 620 accepimus
445 574 636 619 fuimusque
665 574 700 608 in
726 586 765 609 ea
794 586 853 619 per
884 586 988 609 annos
1016 586 1122 619 prope

71 627 314 673 quinquaginta
336 626 378 661 ad
401 625 436 660 id
459 628 593 671 tempus
619 638 684 671 quo
709 630 749 660 tu
770 626 805 660 in
830 625 964 660 Italiam
987 626 1120 660 venisti.

70 679 143 713 Tua
174 690 235 713 nos
267 689 335 712 non
366 676 473 722 magis
506 677 615 712 virtus
653 676 855 722 fortunaque
888 689 988 722 quam
1023 678 1154 712 unica3

71 730 211 765 comitas
236 741 274 763 ac
296 728 485 774 benignitas
509 740 590 773 erga
614 728 703 763 cives
725 731 872 771 nostros,
896 740 979 774 quos
1005 731 1121 774 captos

70 781 166 816 nobis
194 780 362 822 remisisti,
388 780 435 814 ita
462 779 651 815 conciliavit
679 779 752 821 tibi,
779 781 818 813 ut
843 782 878 814 te
903 779 995 814 salvo
1020 783 1122 825 atque

71 832 228 868 incolumi
252 832 357 867 amico
379 843 448 866 non
469 830 567 865 modo
592 830 754 876 populum
779 830 971 865 Romanum
997 831 1056 866 sed
1080 844 1122 866 ne

71 884 150 919 deos
179 883 314 930 quidem
345 883 459 924 iratos,
490 882 518 917 si
550 882 601 916 fas
633 884 685 917 est
715 881 789 925 dici,
817 882 1024 917 timeremus.
1073 883 1155 917 At4

71 935 205 971 hercule
233 947 302 970 non
328 934 437 969 solum
465 933 624 969 incolumi
651 935 685 968 et
714 933 842 968 victore
869 933 927 968 sed
956 937 1121 979 praesente

72 986 396 1032 te———comploratum
424 997 528 1031 prope
555 984 738 1031 conjugum
764 997 802 1020 ac
831 984 1012 1020 liberorum
1044 998 1121 1020 nos-

70 1041 200 1073 trorum
218 1037 377 1073 exaudire
394 1041 428 1072 et
446 1037 622 1083 flagrantia
643 1038 735 1072 tecta
751 1048 865 1082 posses
883 1037 1121 1082 conspicere—

70 1091 119 1125 ita
136 1102 251 1125 snmus
269 1089 469 1135 aliquotiens
486 1089 549 1123 hac
571 1090 689 1123 aestate
712 1087 888 1131 devastati,
905 1090 944 1123 ut
962 1088 1011 1123 M.
1031 1089 1121 1123 Mar-

71 1141 175 1177 cellus
199 1153 267 1176 non
291 1140 464 1176 Hannibal
488 1140 608 1175 vicisse
633 1139 676 1174 ad
701 1139 833 1174 Cannas
864 1139 1026 1183 videatur,
1052 1140 1122 1186 glo-

71 1194 266 1238 rienturque
282 1192 429 1228 Romani
450 1194 485 1227 te
512 1191 555 1226 ad
576 1204 681 1226 unum
702 1190 802 1225 modo
824 1191 930 1226 ictum
954 1192 1123 1237 vigentem

71 1245 164 1281 velut
189 1244 304 1280 aculeo
326 1244 448 1279 emisso
470 1246 617 1289 torpere.
666 1243 733 1277 Per
759 1254 864 1277 annos
887 1246 1023 1278 centum
1047 1255 1122 1278 cum
1137 1250 1155 1279 5

71 1296 194 1342 populo
217 1296 370 1331 Romano
391 1294 516 1330 bellum
541 1294 707 1341 gessimus
732 1294 824 1328 nullo
848 1297 989 1330 externo
1015 1294 1124 1341 adjuti

71 1360 133 1383 nec
150 1347 234 1383 duce
250 1359 312 1382 nec
329 1346 491 1389 exercitu,
510 1346 575 1381 nisi
596 1345 687 1391 quod
704 1357 764 1391 per
781 1345 954 1381 biennium
971 1347 1123 1392 Pyrrhus

72 1402 189 1434 nostro
205 1398 312 1444 magis
328 1398 434 1433 milite
459 1410 537 1433 suas
555 1397 652 1432 auxit
674 1397 762 1432 vires
786 1409 886 1443 qnam
909 1398 978 1433 suis
995 1398 1123 1433 viribus

71 1462 132 1486 nos
151 1449 309 1485 defendit.
359 1449 440 1484 Non
461 1461 525 1495 ego
548 1448 704 1484 secundis
729 1448 829 1483 rebus
853 1449 978 1484 nostris
1002 1449 1123 1496 gloria·
1137 1455 1156 1485 6

72 1502 142 1544 bor,
173 1502 257 1536 duos
290 1500 442 1537 consules
475 1512 514 1536 ae
546 1500 630 1535 duos
659 1500 849 1535 consulares
878 1501 1048 1536 exercitus
1081 1501 1123 1536 ab

72 1554 168 1589 nobis
185 1553 248 1588 sub
261 1555 384 1598 jugum
400 1552 520 1587 missos
544 1555 578 1587 et
596 1552 625 1587 si
642 1564 708 1598 qua
728 1551 791 1586 alia
808 1554 866 1586 aut
883 1552 962 1587 laeta
978 1557 1037 1588 aut
1054 1552 1123 1599 glo-

73 1606 162 1640 riosa
193 1604 289 1640 nobis
314 1605 508 1639 evenerunt.
560 1604 642 1646 Quae
666 1615 784 1649 aspera
812 1603 1017 1650 adversaque
1042 1606 1155 1641 tnnc?

75 1657 277 1700 acciderunt,
293 1655 421 1691 minore
438 1655 668 1701 indignatione
687 1655 812 1690 referre
829 1667 1007 1701 possumus
1025 1668 1124 1702 quam

75 1721 148 1754 quae
173 1707 269 1743 hodie
291 1706 462 1742 eveniunt.
513 1707 634 1752 Magni
656 1706 837 1742 dictatores
860 1719 936 1742 cum
954 1707 1123 1753 magistris
1138 1713 1156 1743 8

75 1760 237 1806 equitum,
260 1758 331 1795 bini
355 1757 509 1793 consules
533 1770 611 1794 cum
637 1758 722 1793 binis
745 1758 976 1793 consularibus
1001 1759 1124 1794 exerci-
1177 1776 1182 1783 ,
