1298 1921
363 30 452 62 LIB.
477 30 618 62 XXIII.
644 31 780 61 13—15.
1048 34 1107 63 153

77 73 196 99 .c.216.

50 76 169 142 iiorum
201 74 336 141 lanimos
369 105 491 151 partim
524 117 582 150 spe
619 105 741 151 partim
774 107 868 140 metu
903 105 1108 152 nequiquam

52 161 262 202 temptasset,
286 157 322 192 in
343 169 462 203 agrum
487 157 658 192 Nolanum
681 156 866 191 exercitum
891 157 1049 200 traducit,
1067 161 1108 193 ut

50 221 117 244 non
134 208 301 243 hostiliter
321 208 445 251 statim⁷
469 208 548 252 quia
569 220 637 243 non
659 207 861 253 desperabat
883 208 1104 244 voluntariam

50 259 261 301 deditionem,
288 260 345 302 ita,
370 260 400 294 si
422 263 635 294 morarentur
657 271 761 305 spem,
784 259 869 294 nihil
892 271 1007 295 eorum
1031 273 1106 306 quae

49 311 119 357 pati
146 314 205 346 aut
229 311 349 346 timere
380 314 517 357 possent
550 310 846 356 praetermissurus.
897 311 1041 347 Senatus
1067 320 1135 350 ac5

47 362 193 398 maxime
221 363 384 408 primores
414 362 486 408 ejus
511 362 546 397 in
571 362 733 397 socictate
760 362 914 397 Romana
938 375 1012 398 cum
1038 363 1104 399 fide

47 417 206 460 perstare,
226 414 321 459 plebs
346 426 517 456 novarum,
537 416 576 448 ut
594 414 690 455 solet,
709 426 823 449 rerum
845 417 947 460 atque
972 415 1104 449 Hanni-

47 465 129 501 balis
160 468 235 500 tota
267 477 340 500 esse
377 468 573 511 metumque
610 477 767 511 agrorum
809 466 1035 511 populationis
1069 469 1103 502 et

45 517 204 564 patienda
228 517 263 552 in
287 517 459 552 obsidione
483 516 591 551 multa
614 517 731 562 gravia
754 517 959 564 indignaque
984 530 1102 564 propo-

44 580 123 603 nere
138 568 258 603 animo.
308 568 429 614 Neque
446 572 600 603 auctores
618 567 816 603 defectionis
834 568 982 604 deerant.
1032 570 1100 605 Ita·
1113 577 1132 607 6

44 632 109 666 que
133 620 191 655 ubi
216 622 369 655 senatum
395 624 504 654 metus
529 619 629 664 cepit,
657 620 685 654 si
710 619 881 665 propalam
911 620 1099 666 tenderent,

42 671 154 706 resisti
176 671 385 706 multitudini
407 671 584 706 concitatae
609 683 675 705 non
697 683 806 716 posse,
831 671 977 707 secunda
998 672 1101 707 simu-

41 722 141 758 lando
173 722 364 758 dilationem
398 722 475 756 mali
508 722 695 757 inveniunt.
744 722 882 758 Placere
914 724 1002 758 enim
1035 724 1129 762 sibi?

41 773 263 809 defectionem
293 774 334 809 ad
363 773 589 809 Hannibalem
618 773 801 809 simulant:
835 774 956 820 quibus
985 779 1096 811 autem

41 825 288 861 conditionibus
313 825 350 860 in
371 825 480 860 foedus
501 825 749 871 amicitiamque
769 838 889 860 novam
912 830 1097 871 transeant,

40 888 160 922 parum
177 880 341 912 constare.
392 878 447 912 Ita
464 877 574 922 spatio
597 882 734 922 sumpto
751 876 880 923 legatos
897 889 1038 923 propere
1056 878 1098 913 ad
1109 885 1128 914 8

39 932 218 974 praetorem
237 928 428 963 Romanum
448 927 648 963 Marcellum
671 928 860 971 Claudium,
879 929 937 975 qui
960 929 1098 969 Canusii

39 991 115 1015 cum
140 980 292 1015 exercitu
316 983 399 1023 erat,
423 979 566 1014 mittunt
596 979 794 1025 docentque,
820 984 946 1026 quanto
971 981 1006 1015 in
1031 981 1098 1016 dis-

39 1031 177 1066 crimine
210 1032 255 1067 sit
288 1031 421 1066 Nolana
452 1043 526 1066 res:
565 1043 683 1077 agrum
716 1032 918 1067 Hannibalis
952 1045 1027 1067 esse
1061 1036 1096 1068 et

39 1083 230 1126 Pomorum,
258 1083 375 1118 urbem
404 1082 573 1128 extemplo
599 1082 759 1123 futuram,
789 1083 824 1118 ni
851 1083 1092 1120 subveniatur:

39 1134 251 1170 concedendo
280 1135 389 1180 plebei
414 1138 579 1176 senatum,
609 1134 667 1169 ubi
693 1135 797 1169 velint
825 1134 1016 1171 defeeturos
1045 1148 1091 1178 se,

38 1198 79 1220 ne
100 1185 240 1221 deficere
257 1186 535 1232 praefestinarent,
560 1185 720 1221 effecisse.
771 1187 952 1222 Marcellus
970 1187 1092 1222 collau·
1105 1192 1124 1222 9

37 1236 123 1272 datis
149 1237 290 1272 Nolanis
316 1237 432 1273 eadem
457 1237 667 1272 simulatione
690 1238 824 1273 extrahi
844 1250 914 1273 rem
935 1238 972 1273 in
993 1251 1092 1274 suum

36 1290 219 1323 adventum
237 1289 351 1334 jussit,
370 1289 505 1324 interim
527 1289 627 1324 celari
649 1302 723 1335 quae
745 1302 859 1325 secum
881 1293 957 1325 aeta
978 1294 1091 1325 essent

35 1352 195 1386 spemque
212 1352 344 1376 omnem
361 1341 475 1376 auxilii
492 1341 647 1376 Romani.
697 1341 776 1387 Ipse
797 1353 817 1376 a
834 1341 980 1376 Canusio
996 1342 1090 1377 Cala·
1105 1349 1140 1379 10

34 1392 118 1426 tiam
141 1392 237 1437 petit,
261 1396 362 1438 atque
386 1392 463 1427 inde
488 1393 660 1427 Vulturno
684 1393 773 1427 amni
797 1395 940 1438 trajecto
964 1405 1090 1439 perque

33 1454 152 1489 agrum
186 1443 414 1478 Saticulanum
442 1443 734 1490 Trebulanumque
763 1457 863 1490 super
895 1445 1090 1480 Suessulam

32 1505 94 1539 per
110 1499 240 1530 montes
257 1495 380 1530 Nolam
397 1495 563 1540 pervenit.

79 1545 148 1581 Sub
166 1546 347 1581 adventum
367 1547 522 1592 praetoris
540 1547 686 1582 Romani
708 1547 834 1582 Poenus
852 1559 933 1594 agro
953 1547 1087 1583 Nolano
1101 1549 1180 1592 (15)

31 1597 174 1632 excessit
192 1603 226 1632 et
244 1597 286 1633 ad
308 1610 398 1633 mare
416 1599 568 1644 proxime
590 1598 769 1644 Neapolim
793 1599 976 1643 descendit,
994 1601 1087 1646 cupi-

31 1647 93 1683 dns
110 1649 269 1684 maritimi
286 1649 399 1695 oppidi
416 1649 581 1695 potiundi,
599 1662 665 1695 quo
683 1662 801 1685 cursus
823 1651 965 1686 navibus
988 1654 1085 1687 tutus

30 1712 74 1734 ex
91 1700 206 1735 Africa
222 1704 322 1736 esset.
373 1701 541 1736 Caeterum
564 1704 743 1747 postquam
767 1702 942 1747 Neapolim
962 1715 981 1737 a
1003 1715 1085 1747 prae-
1099 1708 1118 1738 2

29 1749 118 1787 fecto
145 1752 298 1788 Romano
318 1753 427 1788 teneri
449 1753 674 1798 accepit—M.
696 1753 718 1787 J
721 1753 820 1788 unius
845 1754 977 1790 Silanus
1001 1757 1084 1798 erat,
