1298 1921
192 45 250 75 160
424 44 460 76 T.
478 44 603 75 LIVII
627 45 964 77 HISTORIARUM
1075 89 1112 120 [A
1137 90 1157 114 c
1180 90 1230 114 216

188 118 287 153 modo
312 117 507 164 corporibus
532 119 718 166 animisque
743 119 952 162 deficiebant,
978 122 1012 157 et
1036 121 1155 157 deinde
1181 135 1240 168 per

188 182 286 204 omne
305 170 497 204 aestivorum
522 173 655 216 tempus
672 183 793 217 magna
809 184 886 218 pars
904 173 975 207 sine
999 173 1239 209 commeatibus

189 220 229 256 ab
248 220 352 266 signis
379 220 613 257 dilabebantur
635 235 743 269 neque
761 223 832 259 aliae
855 223 991 259 latebrae
1009 236 1107 271 quam
1124 224 1241 270 Capua

189 272 417 307 desertoribus
435 276 540 308 erant.

99 322 175 364 (19)
235 323 405 358 Caeterum
433 324 630 360 mitescente
652 324 721 370 jam
747 325 854 360 hieme
880 325 1001 361 educto
1025 338 1069 361 ex
1092 326 1240 373 hibernis

189 374 294 409 milite
313 374 497 409 Casilinum
514 375 618 411 redit:
643 375 701 411 ubi
718 388 918 422 quamquam
935 377 975 412 ab
989 379 1240 424 oppugnatione

191 428 357 461 cessatum
374 428 457 470 erat,
474 426 603 462 obsidio
629 430 740 462 tamen
764 428 922 463 continua
946 429 1130 474 oppidanos
1155 442 1241 474 prae-

160 476 380 523 2sidiurnque
398 477 439 512 ad
462 477 619 512 ultimum
636 478 756 524 inopiae
773 478 970 514 adduxerat.
1021 481 1145 515 Castris
1172 481 1241 515 Ro-

190 528 296 563 manis
322 527 394 563 Tib.
414 529 629 574 Sempronius
656 532 796 575 praeerat
822 529 984 565 dictatore
1017 531 1240 576 auspiciorum

191 580 448 625 repetendorum
475 592 575 615 causa
602 581 752 626 profecto
777 582 942 616 Romam:
976 581 1174 616 Marcellum
1206 586 1240 616 et

190 632 300 677 ipsum
323 631 512 677 cupientem
535 631 621 667 ferre
644 632 805 667 auxilium
831 632 975 668 obsessis
993 636 1027 668 et
1050 633 1240 669 Vulturnus

191 682 297 717 amnis
314 682 449 717 inflatus
472 683 566 728 aquis
583 686 617 718 et
640 696 755 729 preces
780 683 991 719 Nolanorum
1015 688 1114 730 atque
1137 686 1241 719 Acer-

191 746 348 768 ranorum
372 733 542 776 tenebant,
563 734 753 780 Campanos
778 735 980 777 timentium,
1000 736 1026 769 si
1050 735 1239 780 przesidium
1286 774 1289 778 ,

161 785 383 820 3Romanum
415 785 643 820 abscessisset.
710 786 880 821 Gracchus
915 786 1068 821 adsidens
1107 792 1240 822 tantum

191 836 349 879 Casilino,
364 836 440 882 quia
458 836 653 881 praedictum
667 840 738 872 erat
755 837 930 872 dictatoris
949 850 988 871 nc
1006 837 1084 882 quid
1102 837 1239 874 absente

190 899 229 922 eo
259 889 308 922 rei
336 891 480 934 gereret,
507 888 590 923 nihil
619 888 784 932 movebat,
811 900 1009 934 quamquain
1040 901 1112 932 «μω
1139 889 1239 925 &mile

190 950 322 973 omnem
345 939 543 984 patientiam
567 939 739 974 vincerent
763 939 1006 974 nuntiabantur
1029 952 1049 973 a
1070 940 1238 976 Casilino:

190 1002 267 1024 nam
285 993 319 1025 et
336 990 565 1036 praecipitasse
582 1003 617 1025 se
643 990 805 1036 quosdam
822 1003 890 1025 non
911 991 1091 1026 tolerantes
1116 993 1239 1028 famem

191 1041 377 1084 constabat,
402 1046 436 1077 et
457 1045 546 1077 stare
569 1042 711 1077 inermes
734 1043 769 1077 in
793 1043 898 1077 muris
922 1042 1011 1077 nuda
1035 1055 1174 1088 corpora
1198 1044 1238 1078 ad

160 1092 367 1128 4missilium
391 1093 536 1128 telorum
560 1093 648 1128 ictus
674 1093 870 1139 praebentes.
920 1093 971 1128 Ea
996 1107 1082 1139 aegre
1108 1095 1238 1140 patiens

190 1144 372 1186 Gracchus,
399 1157 502 1190 quum
535 1157 643 1191 neque
677 1157 823 1191 pugnam
856 1156 1029 1179 conserere
1062 1145 1238 1181 dictatoris

188 1195 320 1240 injussu
343 1196 744 1243 auderet—pugnandum
763 1198 875 1231 autem
893 1208 975 1237 csse,
995 1195 1023 1230 si
1040 1196 1146 1241 palam
1170 1198 1238 1231 sru-

188 1250 339 1281 mentum
367 1247 574 1293 importaret,
602 1247 891 1293 videbat—neque
924 1247 1007 1282 clam
1035 1248 1239 1293 importandi

189 1310 264 1343 spes
282 1302 383 1340 esset,
401 1299 488 1334 farre
505 1311 547 1334 ex
563 1299 652 1345 agris
678 1299 765 1334 eirca
781 1298 927 1344 undique
952 1303 1112 1334 convecto
1135 1312 1237 1345 quum

188 1349 360 1395 complura
388 1349 476 1385 dolia
508 1350 719 1396 complesset,
749 1350 903 1385 nuntium
934 1350 976 1384 ad
1004 1351 1238 1396 magistratum

189 1400 372 1435 Casilinum
390 1401 481 1436 misit
499 1406 537 1436 ut
555 1402 745 1447 exciperent
763 1401 851 1436 dolia
867 1414 940 1446 quae
958 1402 1063 1436 amnis
1081 1402 1236 1438 deferret.

158 1452 387 1498 5lnsequcnti
415 1455 514 1487 nocte
536 1453 676 1487 intentis
701 1453 854 1488 omnibus
879 1453 914 1487 in
938 1453 1062 1488 fiumen
1084 1466 1122 1488 ac
1144 1466 1237 1500 spem

188 1502 230 1538 ab
248 1504 367 1538 nuntio
392 1504 546 1538 Romano
572 1504 695 1539 factam
713 1504 800 1538 dolia
822 1504 930 1538 medio
948 1504 1049 1539 missa
1069 1505 1157 1540 anmi
1182 1505 1237 1540 de-

189 1554 369 1596 fluxerunt,
383 1555 620 1601 aequaliterque
634 1555 722 1590 inter
735 1567 849 1590 omncs
863 1555 1069 1590 frumentum
1083 1555 1236 1591 divisum.

158 1605 229 1640 old
250 1609 385 1651 postero
406 1619 538 1652 quoque
562 1606 614 1641 die
639 1619 677 1641 ac
697 1607 797 1641 tertio
821 1606 947 1641 sactum
972 1610 1045 1641 est:
1079 1611 1178 1642 nocte
1203 1610 1236 1642 et

189 1657 410 1692 mittebantur
451 1661 484 1692 et
523 1658 770 1703 perveniebant,
803 1670 842 1692 eo
881 1658 1049 1693 custodias
1090 1658 1234 1693 hostium

157 1711 175 1744 7
189 1708 357 1743 fallebant.
407 1708 576 1743 Imlnibus
614 1709 731 1744 deinde
765 1709 932 1744 continuis
973 1710 1106 1744 citatior
1138 1710 1235 1744 solito

187 1760 294 1795 amnis
317 1764 508 1795 transverso
535 1761 659 1796 vertice
679 1761 767 1796 dolia
789 1760 919 1804 impulit
943 1760 984 1795 ad
1007 1761 1110 1806 ripam
1136 1774 1232 1807 quam
1279 1804 1282 1815 ,
