<?xml version="1.0" encoding="UTF-8"?>
<!DOCTYPE html PUBLIC "-//W3C//DTD XHTML 1.0 Transitional//EN"
    "http://www.w3.org/TR/xhtml1/DTD/xhtml1-transitional.dtd">
<html xmlns="http://www.w3.org/1999/xhtml" xml:lang="en" lang="en">
 <head>
  <title>
</title>
<meta http-equiv="Content-Type" content="text/html;charset=utf-8" />
  <meta name='ocr-system' content='tesseract 3.04.00' />
  <meta name='ocr-capabilities' content='ocr_page ocr_carea ocr_par ocr_line ocrx_word'/>
</head>
<body>
  <div class='ocr_page' id='page_1' title='image "./booksxxixxivwith00livyuoft_0255.png"; bbox 0 0 1298 1921; ppageno 0'>
   <div class='ocr_carea' id='block_1_1' title="bbox 90 39 1141 162">
    <p class='ocr_par' dir='ltr' id='par_1_1' title="bbox 90 39 1141 162">
     <span class='ocr_line' id='line_1_1' title="bbox 418 39 1141 73; baseline 0 -1"><span class='ocrx_word' id='word_1_1' title='bbox 418 40 508 72; x_wconf 92' lang='lat' dir='ltr'><strong>LIB.</strong></span> <span class='ocrx_word' id='word_1_2' title='bbox 530 39 657 70; x_wconf 85' lang='lat' dir='ltr'><strong>XXIV.</strong></span> <span class='ocrx_word' id='word_1_3' title='bbox 681 39 816 73; x_wconf 80' lang='lat'><strong>27—29.</strong></span> <span class='ocrx_word' id='word_1_4' title='bbox 1079 43 1141 73; x_wconf 84' lang='lat'>233</span> 
     </span>
     <span class='ocr_line' id='line_1_2' title="bbox 90 82 1138 162; baseline 0 -10"><span class='ocrx_word' id='word_1_5' title='bbox 90 82 288 162; x_wconf 45' lang='grc' dir='ltr'>ῢὶὲὶὲἓιῖἷξυί</span> <span class='ocrx_word' id='word_1_6' title='bbox 309 116 542 151; x_wconf 86' lang='lat' dir='ltr'>auctoritatem</span> <span class='ocrx_word' id='word_1_7' title='bbox 568 115 770 162; x_wconf 87' lang='lat' dir='ltr'>sequendam</span> <span class='ocrx_word' id='word_1_8' title='bbox 794 115 830 150; x_wconf 89' lang='lat' dir='ltr'>in</span> <span class='ocrx_word' id='word_1_9' title='bbox 854 115 953 150; x_wconf 88' lang='lat' dir='ltr'>sociis</span> <span class='ocrx_word' id='word_1_10' title='bbox 975 115 1138 162; x_wconf 84' lang='lat' dir='ltr'>legendis,</span> 
     </span>
    </p>
   </div>
   <div class='ocr_carea' id='block_1_2' title="bbox 81 167 1233 1807">
    <p class='ocr_par' dir='ltr' id='par_1_2' title="bbox 87 167 1233 880">
     <span class='ocr_line' id='line_1_3' title="bbox 89 167 1138 213; baseline 0 -10"><span class='ocrx_word' id='word_1_11' title='bbox 89 168 142 204; x_wconf 87' lang='lat' dir='ltr'>vel</span> <span class='ocrx_word' id='word_1_12' title='bbox 170 167 413 213; x_wconf 84' lang='lat' dir='ltr'>quinquaginta</span> <span class='ocrx_word' id='word_1_13' title='bbox 444 167 538 202; x_wconf 87' lang='lat' dir='ltr'>annis</span> <span class='ocrx_word' id='word_1_14' title='bbox 572 167 714 202; x_wconf 77' lang='lat' dir='ltr'>feliciter</span> <span class='ocrx_word' id='word_1_15' title='bbox 746 171 922 212; x_wconf 81' lang='lat' dir='ltr'>expertam</span> <span class='ocrx_word' id='word_1_16' title='bbox 955 167 1138 203; x_wconf 79' lang='lat' dir='ltr'><strong>amicitiam</strong></span> 
     </span>
     <span class='ocr_line' id='line_1_4' title="bbox 89 217 1138 265; baseline 0 -11"><span class='ocrx_word' id='word_1_17' title='bbox 89 231 178 255; x_wconf 89' lang='lat' dir='ltr'>nunc</span> <span class='ocrx_word' id='word_1_18' title='bbox 203 219 392 264; x_wconf 73' lang='lat' dir='ltr'>incognitae,</span> <span class='ocrx_word' id='word_1_19' title='bbox 423 218 591 265; x_wconf 89' lang='lat' dir='ltr'>qnondam</span> <span class='ocrx_word' id='word_1_20' title='bbox 616 218 740 254; x_wconf 85' lang='lat' dir='ltr'>infideli</span> <span class='ocrx_word' id='word_1_21' title='bbox 768 217 1028 264; x_wconf 78' lang='lat' dir='ltr'>praeferendam:</span> <span class='ocrx_word' id='word_1_22' title='bbox 1064 231 1138 254; x_wconf 88' lang='lat' dir='ltr'>esse</span> 
     </span>
     <span class='ocr_line' id='line_1_5' title="bbox 89 269 1139 317; baseline -0.002 -11"><span class='ocrx_word' id='word_1_23' title='bbox 89 271 187 306; x_wconf 83' lang='lat' dir='ltr'>etiam</span> <span class='ocrx_word' id='word_1_24' title='bbox 212 270 376 305; x_wconf 80' lang='lat' dir='ltr'>momenti</span> <span class='ocrx_word' id='word_1_25' title='bbox 399 270 522 316; x_wconf 84' lang='lat' dir='ltr'>aliquid</span> <span class='ocrx_word' id='word_1_26' title='bbox 545 269 587 305; x_wconf 89' lang='lat' dir='ltr'>ad</span> <span class='ocrx_word' id='word_1_27' title='bbox 611 270 795 312; x_wconf 86' lang='lat' dir='ltr'>consilium,</span> <span class='ocrx_word' id='word_1_28' title='bbox 815 269 904 316; x_wconf 91' lang='lat' dir='ltr'>quod</span> <span class='ocrx_word' id='word_1_29' title='bbox 927 269 1139 317; x_wconf 82' lang='lat' dir='ltr'>Carthagini-</span> 
     </span>
     <span class='ocr_line' id='line_1_6' title="bbox 88 321 1139 368; baseline -0.001 -11"><span class='ocrx_word' id='word_1_30' title='bbox 88 322 222 358; x_wconf 84' lang='lat' dir='ltr'>ensibus</span> <span class='ocrx_word' id='word_1_31' title='bbox 247 322 296 356; x_wconf 85' lang='lat' dir='ltr'>ita</span> <span class='ocrx_word' id='word_1_32' title='bbox 320 334 385 366; x_wconf 81' lang='lat' dir='ltr'>pax</span> <span class='ocrx_word' id='word_1_33' title='bbox 408 321 528 367; x_wconf 83' lang='lat' dir='ltr'>negari</span> <span class='ocrx_word' id='word_1_34' title='bbox 553 324 678 368; x_wconf 86' lang='lat' dir='ltr'>posset,</span> <span class='ocrx_word' id='word_1_35' title='bbox 700 324 740 356; x_wconf 90' lang='lat' dir='ltr'>ut</span> <span class='ocrx_word' id='word_1_36' title='bbox 764 333 831 356; x_wconf 91' lang='lat' dir='ltr'>non</span> <span class='ocrx_word' id='word_1_37' title='bbox 855 321 972 367; x_wconf 88' lang='lat' dir='ltr'>utique</span> <span class='ocrx_word' id='word_1_38' title='bbox 997 321 1032 356; x_wconf 88' lang='lat' dir='ltr'>in</span> <span class='ocrx_word' id='word_1_39' title='bbox 1054 334 1139 366; x_wconf 81' lang='lat' dir='ltr'>prae-</span> 
     </span>
     <span class='ocr_line' id='line_1_7' title="bbox 88 373 1138 419; baseline -0.001 -11"><span class='ocrx_word' id='word_1_40' title='bbox 88 373 202 409; x_wconf 86' lang='lat' dir='ltr'>sentia&#39;</span> <span class='ocrx_word' id='word_1_41' title='bbox 214 373 338 408; x_wconf 91' lang='lat' dir='ltr'>bellum</span> <span class='ocrx_word' id='word_1_42' title='bbox 355 385 429 408; x_wconf 90' lang='lat' dir='ltr'>cum</span> <span class='ocrx_word' id='word_1_43' title='bbox 448 373 495 408; x_wconf 87' lang='lat' dir='ltr'>eis</span> <span class='ocrx_word' id='word_1_44' title='bbox 512 375 669 419; x_wconf 81' lang='lat' dir='ltr'>geratur:</span> <span class='ocrx_word' id='word_1_45' title='bbox 695 385 772 408; x_wconf 88' lang='lat' dir='ltr'>cum</span> <span class='ocrx_word' id='word_1_46' title='bbox 789 373 950 407; x_wconf 86' lang='lat' dir='ltr'>Romanis</span> <span class='ocrx_word' id='word_1_47' title='bbox 968 373 1138 418; x_wconf 80' lang='lat' dir='ltr'>extemplo</span> 
     </span>
     <span class='ocr_line' id='line_1_8' title="bbox 88 423 1170 470; baseline -0.001 -11"><span class='ocrx_word' id='word_1_48' title='bbox 88 428 146 459; x_wconf 89' lang='lat' dir='ltr'>aut</span> <span class='ocrx_word' id='word_1_49' title='bbox 162 436 279 470; x_wconf 84' lang='lat' dir='ltr'>pacem</span> <span class='ocrx_word' id='word_1_50' title='bbox 303 427 361 459; x_wconf 86' lang='lat' dir='ltr'>aut</span> <span class='ocrx_word' id='word_1_51' title='bbox 384 424 506 460; x_wconf 88' lang='lat' dir='ltr'>bellum</span> <span class='ocrx_word' id='word_1_52' title='bbox 531 423 728 459; x_wconf 80' lang='lat' dir='ltr'>habendum.</span> <span class='ocrx_word' id='word_1_53' title='bbox 780 425 853 466; x_wconf 86' lang='lat' dir='ltr'>Quo</span> <span class='ocrx_word' id='word_1_54' title='bbox 875 424 985 458; x_wconf 90' lang='lat' dir='ltr'>minus</span> <span class='ocrx_word' id='word_1_55' title='bbox 1009 424 1138 469; x_wconf 91' lang='lat' dir='ltr'>cupidi·</span> <span class='ocrx_word' id='word_1_56' title='bbox 1152 429 1170 458; x_wconf 90' lang='lat'>2</span> 
     </span>
     <span class='ocr_line' id='line_1_9' title="bbox 87 475 1138 520; baseline -0.001 -9"><span class='ocrx_word' id='word_1_57' title='bbox 87 478 167 511; x_wconf 84' lang='lat' dir='ltr'>tatis</span> <span class='ocrx_word' id='word_1_58' title='bbox 185 488 223 511; x_wconf 89' lang='lat' dir='ltr'>ac</span> <span class='ocrx_word' id='word_1_59' title='bbox 240 475 343 511; x_wconf 90' lang='lat' dir='ltr'>studii</span> <span class='ocrx_word' id='word_1_60' title='bbox 356 476 426 511; x_wconf 86' lang='lat' dir='ltr'>visa</span> <span class='ocrx_word' id='word_1_61' title='bbox 443 479 494 511; x_wconf 91' lang='lat' dir='ltr'>est</span> <span class='ocrx_word' id='word_1_62' title='bbox 509 476 616 510; x_wconf 86' lang='lat' dir='ltr'>oratio</span> <span class='ocrx_word' id='word_1_63' title='bbox 634 475 765 518; x_wconf 84' lang='lat' dir='ltr'>habere,</span> <span class='ocrx_word' id='word_1_64' title='bbox 779 487 818 510; x_wconf 89' lang='lat' dir='ltr'>eo</span> <span class='ocrx_word' id='word_1_65' title='bbox 834 475 909 520; x_wconf 85' lang='lat' dir='ltr'>plus</span> <span class='ocrx_word' id='word_1_66' title='bbox 927 475 1138 510; x_wconf 78' lang='lat' dir='ltr'>auctoritatis</span> 
     </span>
     <span class='ocr_line' id='line_1_10' title="bbox 88 526 1171 573; baseline -0.001 -11"><span class='ocrx_word' id='word_1_67' title='bbox 88 528 215 563; x_wconf 89' lang='lat' dir='ltr'>habuit.</span> <span class='ocrx_word' id='word_1_68' title='bbox 257 528 436 572; x_wconf 85' lang='lat' dir='ltr'>Adjectum</span> <span class='ocrx_word' id='word_1_69' title='bbox 456 530 507 562; x_wconf 86' lang='lat' dir='ltr'>cst</span> <span class='ocrx_word' id='word_1_70' title='bbox 521 527 720 573; x_wconf 77' lang='lat' dir='ltr'>praetoribus</span> <span class='ocrx_word' id='word_1_71' title='bbox 738 539 776 562; x_wconf 86' lang='lat' dir='ltr'>ac</span> <span class='ocrx_word' id='word_1_72' title='bbox 789 526 927 562; x_wconf 87' lang='lat' dir='ltr'>delectis</span> <span class='ocrx_word' id='word_1_73' title='bbox 944 529 1138 561; x_wconf 87' lang='lat' dir='ltr'>senatorum</span> <span class='ocrx_word' id='word_1_74' title='bbox 1152 533 1171 561; x_wconf 88' lang='lat'><strong>3</strong></span> 
     </span>
     <span class='ocr_line' id='line_1_11' title="bbox 87 577 1138 624; baseline -0.001 -10"><span class='ocrx_word' id='word_1_75' title='bbox 87 579 230 614; x_wconf 84' lang='lat' dir='ltr'>militare</span> <span class='ocrx_word' id='word_1_76' title='bbox 248 579 349 614; x_wconf 89' lang='lat' dir='ltr'>etiam</span> <span class='ocrx_word' id='word_1_77' title='bbox 373 579 548 614; x_wconf 89' lang='lat' dir='ltr'>consilium</span> <span class='ocrx_word' id='word_1_78' title='bbox 565 592 571 613; x_wconf 92' lang='lat'><strong>:</strong></span> <span class='ocrx_word' id='word_1_79' title='bbox 594 578 682 624; x_wconf 84' lang='lat' dir='ltr'>jussi</span> <span class='ocrx_word' id='word_1_80' title='bbox 699 584 732 613; x_wconf 85' lang='lat' dir='ltr'>et</span> <span class='ocrx_word' id='word_1_81' title='bbox 757 578 858 613; x_wconf 90' lang='lat' dir='ltr'>duces</span> <span class='ocrx_word' id='word_1_82' title='bbox 882 577 1035 612; x_wconf 89' lang='lat' dir='ltr'>ordinum</span> <span class='ocrx_word' id='word_1_83' title='bbox 1054 590 1138 623; x_wconf 76' lang='lat' dir='ltr'>prae-</span> 
     </span>
     <span class='ocr_line' id='line_1_12' title="bbox 87 629 1172 676; baseline 0 -11"><span class='ocrx_word' id='word_1_84' title='bbox 87 630 233 676; x_wconf 87' lang='lat' dir='ltr'>fectique</span> <span class='ocrx_word' id='word_1_85' title='bbox 254 630 452 665; x_wconf 89' lang='lat' dir='ltr'>auxiliorum</span> <span class='ocrx_word' id='word_1_86' title='bbox 470 629 569 665; x_wconf 85' lang='lat' dir='ltr'>simul</span> <span class='ocrx_word' id='word_1_87' title='bbox 590 629 773 665; x_wconf 87' lang='lat' dir='ltr'>consulere.</span> <span class='ocrx_word' id='word_1_88' title='bbox 823 629 939 667; x_wconf 77' lang='lat' dir='ltr'>Quum</span> <span class='ocrx_word' id='word_1_89' title='bbox 957 641 1046 674; x_wconf 86' lang='lat' dir='ltr'>saepe</span> <span class='ocrx_word' id='word_1_90' title='bbox 1063 633 1138 664; x_wconf 90' lang='lat' dir='ltr'>acta</span> <span class='ocrx_word' id='word_1_91' title='bbox 1151 636 1172 665; x_wconf 75' lang='lat'><strong>4</strong></span> 
     </span>
     <span class='ocr_line' id='line_1_13' title="bbox 87 681 1139 728; baseline -0.001 -11"><span class='ocrx_word' id='word_1_92' title='bbox 87 694 140 717; x_wconf 86' lang='lat' dir='ltr'>res</span> <span class='ocrx_word' id='word_1_93' title='bbox 169 684 258 717; x_wconf 86' lang='lat' dir='ltr'>esset</span> <span class='ocrx_word' id='word_1_94' title='bbox 291 682 421 728; x_wconf 79' lang='lat' dir='ltr'>magnis</span> <span class='ocrx_word' id='word_1_95' title='bbox 454 681 702 723; x_wconf 80' lang='lat' dir='ltr'>certaminibus,</span> <span class='ocrx_word' id='word_1_96' title='bbox 733 684 914 727; x_wconf 81' lang='lat' dir='ltr'>postremo,</span> <span class='ocrx_word' id='word_1_97' title='bbox 949 681 1028 726; x_wconf 87' lang='lat' dir='ltr'>quia</span> <span class='ocrx_word' id='word_1_98' title='bbox 1059 681 1139 716; x_wconf 90' lang='lat' dir='ltr'>belli</span> 
     </span>
     <span class='ocr_line' id='line_1_14' title="bbox 87 731 1139 779; baseline 0 -12"><span class='ocrx_word' id='word_1_99' title='bbox 87 745 163 768; x_wconf 91' lang='lat' dir='ltr'>cum</span> <span class='ocrx_word' id='word_1_100' title='bbox 182 733 340 768; x_wconf 85' lang='lat' dir='ltr'>Romanis</span> <span class='ocrx_word' id='word_1_101' title='bbox 358 733 496 779; x_wconf 85' lang='lat' dir='ltr'>gerendi</span> <span class='ocrx_word' id='word_1_102' title='bbox 512 733 598 767; x_wconf 88' lang='lat' dir='ltr'>ratio</span> <span class='ocrx_word' id='word_1_103' title='bbox 615 732 707 767; x_wconf 88' lang='lat' dir='ltr'>nulla</span> <span class='ocrx_word' id='word_1_104' title='bbox 726 731 917 777; x_wconf 79' lang='lat' dir='ltr'>apparebat,</span> <span class='ocrx_word' id='word_1_105' title='bbox 934 744 1048 777; x_wconf 83' lang='lat' dir='ltr'>pacem</span> <span class='ocrx_word' id='word_1_106' title='bbox 1065 732 1139 767; x_wconf 87' lang='lat' dir='ltr'>fieri</span> 
     </span>
     <span class='ocr_line' id='line_1_15' title="bbox 87 783 1118 830; baseline 0.001 -12"><span class='ocrx_word' id='word_1_107' title='bbox 87 784 211 830; x_wconf 81' lang='lat' dir='ltr'>placuit</span> <span class='ocrx_word' id='word_1_108' title='bbox 228 784 383 830; x_wconf 88' lang='lat' dir='ltr'>mittique</span> <span class='ocrx_word' id='word_1_109' title='bbox 400 796 474 820; x_wconf 88' lang='lat' dir='ltr'>cum</span> <span class='ocrx_word' id='word_1_110' title='bbox 492 784 540 819; x_wconf 87' lang='lat' dir='ltr'>eis</span> <span class='ocrx_word' id='word_1_111' title='bbox 557 784 685 830; x_wconf 85' lang='lat' dir='ltr'>legatos</span> <span class='ocrx_word' id='word_1_112' title='bbox 703 783 745 818; x_wconf 91' lang='lat' dir='ltr'>ad</span> <span class='ocrx_word' id='word_1_113' title='bbox 761 796 831 818; x_wconf 90' lang='lat' dir='ltr'>rem</span> <span class='ocrx_word' id='word_1_114' title='bbox 848 783 1118 819; x_wconf 80' lang='lat' dir='ltr'>confirmandam.</span> 
     </span>
     <span class='ocr_line' id='line_1_16' title="bbox 132 831 1233 880; baseline 0 -10"><span class='ocrx_word' id='word_1_115' title='bbox 132 835 214 870; x_wconf 86' lang='lat' dir='ltr'>Dies</span> <span class='ocrx_word' id='word_1_116' title='bbox 236 835 326 871; x_wconf 90' lang='lat' dir='ltr'>haud</span> <span class='ocrx_word' id='word_1_117' title='bbox 349 836 398 871; x_wconf 90' lang='lat' dir='ltr'>ita</span> <span class='ocrx_word' id='word_1_118' title='bbox 418 835 514 870; x_wconf 86' lang='lat' dir='ltr'>multi</span> <span class='ocrx_word' id='word_1_119' title='bbox 534 835 806 876; x_wconf 85' lang='lat' dir='ltr'>intercesserunt,</span> <span class='ocrx_word' id='word_1_120' title='bbox 831 847 933 880; x_wconf 87' lang='lat' dir='ltr'>quum</span> <span class='ocrx_word' id='word_1_121' title='bbox 958 847 1000 870; x_wconf 79' lang='lat' dir='ltr'>ex</span> <span class='ocrx_word' id='word_1_122' title='bbox 1023 835 1132 870; x_wconf 87' lang='lat' dir='ltr'>Leon·</span> <span class='ocrx_word' id='word_1_123' title='bbox 1146 831 1233 877; x_wconf 79' lang='grc'>(29)</span> 
     </span>
    </p>

    <p class='ocr_par' dir='ltr' id='par_1_3' title="bbox 81 887 1170 1807">
     <span class='ocr_line' id='line_1_17' title="bbox 86 887 1133 934; baseline 0 -12"><span class='ocrx_word' id='word_1_124' title='bbox 86 888 166 922; x_wconf 91' lang='lat' dir='ltr'>tinis</span> <span class='ocrx_word' id='word_1_125' title='bbox 194 887 297 934; x_wconf 86' lang='lat' dir='ltr'>legati</span> <span class='ocrx_word' id='word_1_126' title='bbox 325 888 517 933; x_wconf 83' lang='lat' dir='ltr'>praesidium</span> <span class='ocrx_word' id='word_1_127' title='bbox 543 887 665 923; x_wconf 85' lang='lat' dir='ltr'>finibus</span> <span class='ocrx_word' id='word_1_128' title='bbox 698 887 766 922; x_wconf 87' lang='lat' dir='ltr'>suis</span> <span class='ocrx_word' id='word_1_129' title='bbox 795 891 928 922; x_wconf 79' lang='lat' dir='ltr'>orantes</span> <span class='ocrx_word' id='word_1_130' title='bbox 957 890 1133 930; x_wconf 87' lang='lat' dir='ltr'>venerunt,</span> 
     </span>
     <span class='ocr_line' id='line_1_18' title="bbox 87 938 1137 985; baseline 0 -11"><span class='ocrx_word' id='word_1_131' title='bbox 87 951 160 984; x_wconf 77' lang='lat' dir='ltr'>quae</span> <span class='ocrx_word' id='word_1_132' title='bbox 176 939 300 985; x_wconf 81' lang='lat' dir='ltr'>legatio</span> <span class='ocrx_word' id='word_1_133' title='bbox 324 942 576 984; x_wconf 90' lang='lat' dir='ltr'>peropportuna</span> <span class='ocrx_word' id='word_1_134' title='bbox 600 939 671 974; x_wconf 89' lang='lat' dir='ltr'>visa</span> <span class='ocrx_word' id='word_1_135' title='bbox 688 939 729 974; x_wconf 87' lang='lat' dir='ltr'>ad</span> <span class='ocrx_word' id='word_1_136' title='bbox 748 938 999 974; x_wconf 88' lang='lat' dir='ltr'>multitudinem</span> <span class='ocrx_word' id='word_1_137' title='bbox 1023 939 1137 974; x_wconf 90' lang='lat' dir='ltr'>incon-</span> 
     </span>
     <span class='ocr_line' id='line_1_19' title="bbox 87 990 1138 1036; baseline 0.001 -11"><span class='ocrx_word' id='word_1_138' title='bbox 87 990 189 1025; x_wconf 88' lang='lat' dir='ltr'>ditam</span> <span class='ocrx_word' id='word_1_139' title='bbox 207 1003 245 1026; x_wconf 89' lang='lat' dir='ltr'>ac</span> <span class='ocrx_word' id='word_1_140' title='bbox 261 991 503 1026; x_wconf 81' lang='lat' dir='ltr'>tumultuosam</span> <span class='ocrx_word' id='word_1_141' title='bbox 527 990 773 1025; x_wconf 81' lang='lat' dir='ltr'>exonerandam</span> <span class='ocrx_word' id='word_1_142' title='bbox 798 990 966 1036; x_wconf 81' lang='lat' dir='ltr'>ducesque</span> <span class='ocrx_word' id='word_1_143' title='bbox 991 992 1063 1036; x_wconf 85' lang='lat' dir='ltr'>ejus</span> <span class='ocrx_word' id='word_1_144' title='bbox 1081 991 1138 1026; x_wconf 83' lang='lat' dir='ltr'>ab·</span> 
     </span>
     <span class='ocr_line' id='line_1_20' title="bbox 86 1041 1138 1088; baseline 0.002 -13"><span class='ocrx_word' id='word_1_145' title='bbox 86 1041 266 1087; x_wconf 85' lang='lat' dir='ltr'>legandos:</span> <span class='ocrx_word' id='word_1_146' title='bbox 300 1042 528 1088; x_wconf 85' lang='lat' dir='ltr'>Hippocrates</span> <span class='ocrx_word' id='word_1_147' title='bbox 564 1045 688 1087; x_wconf 86' lang='lat' dir='ltr'>praetor</span> <span class='ocrx_word' id='word_1_148' title='bbox 719 1041 841 1076; x_wconf 85' lang='lat' dir='ltr'>ducere</span> <span class='ocrx_word' id='word_1_149' title='bbox 874 1053 912 1076; x_wconf 93' lang='lat' dir='ltr'>eo</span> <span class='ocrx_word' id='word_1_150' title='bbox 944 1042 1138 1088; x_wconf 76' lang='lat' dir='ltr'>transfugas</span> 
     </span>
     <span class='ocr_line' id='line_1_21' title="bbox 82 1092 1139 1138; baseline 0 -11"><span class='ocrx_word' id='word_1_151' title='bbox 82 1093 217 1138; x_wconf 87' lang='lat' dir='ltr'>jussus:</span> <span class='ocrx_word' id='word_1_152' title='bbox 251 1094 386 1137; x_wconf 86' lang='lat' dir='ltr'>sequuti</span> <span class='ocrx_word' id='word_1_153' title='bbox 406 1093 505 1128; x_wconf 88' lang='lat' dir='ltr'>multi</span> <span class='ocrx_word' id='word_1_154' title='bbox 524 1105 566 1128; x_wconf 79' lang='lat' dir='ltr'>ex</span> <span class='ocrx_word' id='word_1_155' title='bbox 587 1093 800 1128; x_wconf 85' lang='lat' dir='ltr'>mercenariis</span> <span class='ocrx_word' id='word_1_156' title='bbox 821 1092 952 1128; x_wconf 83' lang='lat' dir='ltr'>auxiliis</span> <span class='ocrx_word' id='word_1_157' title='bbox 978 1096 1139 1138; x_wconf 88' lang='lat' dir='ltr'>quattuor</span> 
     </span>
     <span class='ocr_line' id='line_1_22' title="bbox 85 1144 1169 1180; baseline 0.001 -2"><span class='ocrx_word' id='word_1_158' title='bbox 85 1144 187 1179; x_wconf 83' lang='lat' dir='ltr'>millia</span> <span class='ocrx_word' id='word_1_159' title='bbox 203 1148 406 1180; x_wconf 86' lang='lat' dir='ltr'>armatorum</span> <span class='ocrx_word' id='word_1_160' title='bbox 431 1145 624 1180; x_wconf 84' lang='lat' dir='ltr'>effecerunt.</span> <span class='ocrx_word' id='word_1_161' title='bbox 673 1144 718 1179; x_wconf 77' lang='lat' dir='ltr'>Et</span> <span class='ocrx_word' id='word_1_162' title='bbox 735 1144 949 1179; x_wconf 81' lang='lat' dir='ltr'>mittentibus</span> <span class='ocrx_word' id='word_1_163' title='bbox 967 1148 1001 1179; x_wconf 89' lang='lat' dir='ltr'>et</span> <span class='ocrx_word' id='word_1_164' title='bbox 1026 1145 1136 1180; x_wconf 86' lang='lat' dir='ltr'>missis</span> <span class='ocrx_word' id='word_1_165' title='bbox 1150 1150 1169 1179; x_wconf 92' lang='lat'>2</span> 
     </span>
     <span class='ocr_line' id='line_1_23' title="bbox 84 1195 1137 1242; baseline -0.001 -11"><span class='ocrx_word' id='word_1_166' title='bbox 84 1208 124 1230; x_wconf 86' lang='lat' dir='ltr'>ea</span> <span class='ocrx_word' id='word_1_167' title='bbox 154 1196 231 1231; x_wconf 81' lang='lat' dir='ltr'>laeta</span> <span class='ocrx_word' id='word_1_168' title='bbox 263 1196 432 1242; x_wconf 77' lang='lat' dir='ltr'>expeditio</span> <span class='ocrx_word' id='word_1_169' title='bbox 465 1196 549 1230; x_wconf 87' lang='lat' dir='ltr'>fuit:</span> <span class='ocrx_word' id='word_1_170' title='bbox 575 1208 652 1230; x_wconf 86' lang='lat' dir='ltr'>nam</span> <span class='ocrx_word' id='word_1_171' title='bbox 685 1198 719 1231; x_wconf 90' lang='lat' dir='ltr'>et</span> <span class='ocrx_word' id='word_1_172' title='bbox 750 1195 824 1239; x_wconf 82' lang='lat' dir='ltr'>illis,</span> <span class='ocrx_word' id='word_1_173' title='bbox 858 1195 947 1241; x_wconf 90' lang='lat' dir='ltr'>quod</span> <span class='ocrx_word' id='word_1_174' title='bbox 977 1196 1047 1241; x_wconf 83' lang='lat' dir='ltr'>jam</span> <span class='ocrx_word' id='word_1_175' title='bbox 1079 1196 1137 1231; x_wconf 93' lang='lat' dir='ltr'>diu</span> 
     </span>
     <span class='ocr_line' id='line_1_24' title="bbox 84 1247 1136 1292; baseline -0.001 -10"><span class='ocrx_word' id='word_1_176' title='bbox 84 1247 273 1292; x_wconf 88' lang='lat' dir='ltr'>cupiebant,</span> <span class='ocrx_word' id='word_1_177' title='bbox 292 1247 435 1282; x_wconf 84' lang='lat' dir='ltr'>novandi</span> <span class='ocrx_word' id='word_1_178' title='bbox 457 1259 510 1282; x_wconf 87' lang='lat' dir='ltr'>res</span> <span class='ocrx_word' id='word_1_179' title='bbox 531 1247 659 1282; x_wconf 86' lang='lat' dir='ltr'>occasio</span> <span class='ocrx_word' id='word_1_180' title='bbox 677 1247 756 1282; x_wconf 84' lang='lat' dir='ltr'>data</span> <span class='ocrx_word' id='word_1_181' title='bbox 780 1250 841 1289; x_wconf 84' lang='lat' dir='ltr'>est,</span> <span class='ocrx_word' id='word_1_182' title='bbox 861 1250 895 1282; x_wconf 91' lang='lat' dir='ltr'>et</span> <span class='ocrx_word' id='word_1_183' title='bbox 912 1247 947 1281; x_wconf 81' lang='lat' dir='ltr'>hi</span> <span class='ocrx_word' id='word_1_184' title='bbox 970 1247 1136 1281; x_wconf 85' lang='lat' dir='ltr'>sentinam</span> 
     </span>
     <span class='ocr_line' id='line_1_25' title="bbox 84 1298 1168 1344; baseline 0.003 -11"><span class='ocrx_word' id='word_1_185' title='bbox 84 1298 248 1344; x_wconf 81' lang='lat' dir='ltr'>quandam</span> <span class='ocrx_word' id='word_1_186' title='bbox 273 1299 365 1334; x_wconf 92' lang='lat' dir='ltr'>urbis</span> <span class='ocrx_word' id='word_1_187' title='bbox 390 1299 455 1334; x_wconf 89' lang='lat' dir='ltr'>rati</span> <span class='ocrx_word' id='word_1_188' title='bbox 481 1299 680 1334; x_wconf 80' lang='lat' dir='ltr'>exhaustam</span> <span class='ocrx_word' id='word_1_189' title='bbox 704 1298 914 1334; x_wconf 68' lang='lat' dir='ltr'>laetabantur.</span> <span class='ocrx_word' id='word_1_190' title='bbox 965 1298 1168 1336; x_wconf 87' lang='lat' dir='ltr'>Caeterum3</span> 
     </span>
     <span class='ocr_line' id='line_1_26' title="bbox 82 1350 1134 1396; baseline -0.001 -11"><span class='ocrx_word' id='word_1_191' title='bbox 82 1350 278 1385; x_wconf 85' lang='lat' dir='ltr'>levaverunt</span> <span class='ocrx_word' id='word_1_192' title='bbox 310 1350 409 1385; x_wconf 88' lang='lat' dir='ltr'>modo</span> <span class='ocrx_word' id='word_1_193' title='bbox 440 1350 476 1385; x_wconf 87' lang='lat' dir='ltr'>in</span> <span class='ocrx_word' id='word_1_194' title='bbox 508 1350 687 1396; x_wconf 67' lang='lat' dir='ltr'>praesentia</span> <span class='ocrx_word' id='word_1_195' title='bbox 718 1350 811 1385; x_wconf 85' lang='lat' dir='ltr'>velut</span> <span class='ocrx_word' id='word_1_196' title='bbox 843 1362 965 1395; x_wconf 91' lang='lat' dir='ltr'>corpus</span> <span class='ocrx_word' id='word_1_197' title='bbox 998 1362 1134 1396; x_wconf 83' lang='lat' dir='ltr'>aegrum,</span> 
     </span>
     <span class='ocr_line' id='line_1_27' title="bbox 83 1396 1170 1448; baseline 0.002 -12"><span class='ocrx_word' id='word_1_198' title='bbox 83 1414 149 1446; x_wconf 90' lang='lat' dir='ltr'>quo</span> <span class='ocrx_word' id='word_1_199' title='bbox 166 1414 246 1436; x_wconf 82' lang='lat' dir='ltr'>mox</span> <span class='ocrx_word' id='word_1_200' title='bbox 262 1402 297 1437; x_wconf 92' lang='lat' dir='ltr'>in</span> <span class='ocrx_word' id='word_1_201' title='bbox 313 1402 498 1448; x_wconf 77' lang='lat' dir='ltr'>graviorem</span> <span class='ocrx_word' id='word_1_202' title='bbox 515 1401 669 1436; x_wconf 87' lang='lat' dir='ltr'>morbum</span> <span class='ocrx_word' id='word_1_203' title='bbox 686 1396 859 1436; x_wconf 55' lang='lat' dir='ltr'>recideretss</span> <span class='ocrx_word' id='word_1_204' title='bbox 908 1401 1134 1447; x_wconf 84' lang='lat' dir='ltr'>Hippocrates</span> <span class='ocrx_word' id='word_1_205' title='bbox 1148 1407 1170 1438; x_wconf 68' lang='lat'><em>4</em></span> 
     </span>
     <span class='ocr_line' id='line_1_28' title="bbox 82 1452 1135 1499; baseline 0 -12"><span class='ocrx_word' id='word_1_206' title='bbox 82 1453 171 1487; x_wconf 87' lang='lat' dir='ltr'>enim</span> <span class='ocrx_word' id='word_1_207' title='bbox 193 1453 334 1488; x_wconf 87' lang='lat' dir='ltr'>finitima</span> <span class='ocrx_word' id='word_1_208' title='bbox 355 1453 533 1499; x_wconf 80' lang='lat' dir='ltr'>provinciae</span> <span class='ocrx_word' id='word_1_209' title='bbox 551 1453 711 1487; x_wconf 83' lang='lat' dir='ltr'>Romanae</span> <span class='ocrx_word' id='word_1_210' title='bbox 733 1453 841 1498; x_wconf 90' lang='lat' dir='ltr'>primo</span> <span class='ocrx_word' id='word_1_211' title='bbox 858 1452 993 1487; x_wconf 82' lang='lat' dir='ltr'>furtivis</span> <span class='ocrx_word' id='word_1_212' title='bbox 1018 1464 1135 1487; x_wconf 83' lang='lat' dir='ltr'>excur-</span> 
     </span>
     <span class='ocr_line' id='line_1_29' title="bbox 82 1503 1135 1550; baseline 0 -12"><span class='ocrx_word' id='word_1_213' title='bbox 82 1504 230 1540; x_wconf 86' lang='lat' dir='ltr'>sionibus</span> <span class='ocrx_word' id='word_1_214' title='bbox 255 1507 386 1539; x_wconf 84' lang='lat' dir='ltr'>vastare</span> <span class='ocrx_word' id='word_1_215' title='bbox 409 1505 518 1550; x_wconf 86' lang='lat' dir='ltr'>coepit,</span> <span class='ocrx_word' id='word_1_216' title='bbox 543 1504 671 1547; x_wconf 87' lang='lat' dir='ltr'>deinde,</span> <span class='ocrx_word' id='word_1_217' title='bbox 692 1517 795 1550; x_wconf 88' lang='lat' dir='ltr'>quum</span> <span class='ocrx_word' id='word_1_218' title='bbox 820 1504 862 1539; x_wconf 88' lang='lat' dir='ltr'>ad</span> <span class='ocrx_word' id='word_1_219' title='bbox 885 1503 1027 1539; x_wconf 90' lang='lat' dir='ltr'>tuendos</span> <span class='ocrx_word' id='word_1_220' title='bbox 1052 1504 1135 1539; x_wconf 90' lang='lat' dir='ltr'>soci-</span> 
     </span>
     <span class='ocr_line' id='line_1_30' title="bbox 81 1555 1134 1602; baseline -0.001 -11"><span class='ocrx_word' id='word_1_221' title='bbox 81 1568 177 1591; x_wconf 86' lang='lat' dir='ltr'>orum</span> <span class='ocrx_word' id='word_1_222' title='bbox 195 1568 292 1602; x_wconf 85' lang='lat' dir='ltr'>agros</span> <span class='ocrx_word' id='word_1_223' title='bbox 309 1556 447 1591; x_wconf 88' lang='lat' dir='ltr'>missum</span> <span class='ocrx_word' id='word_1_224' title='bbox 465 1555 506 1590; x_wconf 86' lang='lat' dir='ltr'>ab</span> <span class='ocrx_word' id='word_1_225' title='bbox 523 1556 633 1601; x_wconf 85' lang='lat' dir='ltr'>Appio</span> <span class='ocrx_word' id='word_1_226' title='bbox 653 1555 844 1601; x_wconf 82' lang='lat' dir='ltr'>praesidium</span> <span class='ocrx_word' id='word_1_227' title='bbox 862 1559 961 1599; x_wconf 87' lang='lat' dir='ltr'>esset,</span> <span class='ocrx_word' id='word_1_228' title='bbox 978 1555 1134 1590; x_wconf 86' lang='lat' dir='ltr'>omnibus</span> 
     </span>
     <span class='ocr_line' id='line_1_31' title="bbox 81 1606 1134 1653; baseline -0.001 -11"><span class='ocrx_word' id='word_1_229' title='bbox 81 1607 184 1653; x_wconf 89' lang='lat' dir='ltr'>copiis</span> <span class='ocrx_word' id='word_1_230' title='bbox 201 1608 364 1652; x_wconf 89' lang='lat' dir='ltr'>impetum</span> <span class='ocrx_word' id='word_1_231' title='bbox 386 1607 422 1641; x_wconf 90' lang='lat' dir='ltr'>in</span> <span class='ocrx_word' id='word_1_232' title='bbox 438 1607 624 1652; x_wconf 86' lang='lat' dir='ltr'>oppositam</span> <span class='ocrx_word' id='word_1_233' title='bbox 647 1607 826 1642; x_wconf 89' lang='lat' dir='ltr'>stationem</span> <span class='ocrx_word' id='word_1_234' title='bbox 844 1619 921 1642; x_wconf 86' lang='lat' dir='ltr'>enm</span> <span class='ocrx_word' id='word_1_235' title='bbox 938 1606 1026 1642; x_wconf 86' lang='lat' dir='ltr'>caede</span> <span class='ocrx_word' id='word_1_236' title='bbox 1048 1607 1134 1642; x_wconf 81' lang='lat' dir='ltr'>mul-</span> 
     </span>
     <span class='ocr_line' id='line_1_32' title="bbox 81 1658 1165 1704; baseline 0 -11"><span class='ocrx_word' id='word_1_237' title='bbox 81 1661 193 1693; x_wconf 88' lang='lat' dir='ltr'>torum</span> <span class='ocrx_word' id='word_1_238' title='bbox 225 1658 315 1694; x_wconf 87' lang='lat' dir='ltr'>fecit.</span> <span class='ocrx_word' id='word_1_239' title='bbox 366 1658 451 1697; x_wconf 74' lang='lat' dir='ltr'>Quae</span> <span class='ocrx_word' id='word_1_240' title='bbox 484 1671 588 1704; x_wconf 87' lang='lat' dir='ltr'>quum</span> <span class='ocrx_word' id='word_1_241' title='bbox 623 1662 736 1693; x_wconf 86' lang='lat' dir='ltr'>essent</span> <span class='ocrx_word' id='word_1_242' title='bbox 767 1659 925 1693; x_wconf 84' lang='lat' dir='ltr'>nuntiata</span> <span class='ocrx_word' id='word_1_243' title='bbox 956 1658 1165 1700; x_wconf 88' lang='lat' dir='ltr'>Marcell0‚5</span> 
     </span>
     <span class='ocr_line' id='line_1_33' title="bbox 81 1709 1133 1756; baseline -0.001 -11"><span class='ocrx_word' id='word_1_244' title='bbox 81 1709 208 1756; x_wconf 85' lang='lat' dir='ltr'>legatos</span> <span class='ocrx_word' id='word_1_245' title='bbox 226 1709 393 1756; x_wconf 85' lang='lat' dir='ltr'>extemplo</span> <span class='ocrx_word' id='word_1_246' title='bbox 419 1710 599 1756; x_wconf 77' lang='lat' dir='ltr'>Syracusas</span> <span class='ocrx_word' id='word_1_247' title='bbox 622 1711 722 1753; x_wconf 85' lang='lat' dir='ltr'>misit,</span> <span class='ocrx_word' id='word_1_248' title='bbox 740 1711 798 1756; x_wconf 89' lang='lat' dir='ltr'>qui</span> <span class='ocrx_word' id='word_1_249' title='bbox 820 1710 911 1756; x_wconf 86' lang='lat' dir='ltr'>pacis</span> <span class='ocrx_word' id='word_1_250' title='bbox 929 1710 1028 1744; x_wconf 87' lang='lat' dir='ltr'>fidem</span> <span class='ocrx_word' id='word_1_251' title='bbox 1053 1722 1133 1754; x_wconf 88' lang='lat' dir='ltr'>rup-</span> 
     </span>
     <span class='ocr_line' id='line_1_34' title="bbox 81 1761 1132 1807; baseline -0.001 -11"><span class='ocrx_word' id='word_1_252' title='bbox 81 1768 150 1796; x_wconf 84' lang='lat' dir='ltr'>tam</span> <span class='ocrx_word' id='word_1_253' title='bbox 167 1773 240 1797; x_wconf 88' lang='lat' dir='ltr'>esse</span> <span class='ocrx_word' id='word_1_254' title='bbox 257 1761 405 1797; x_wconf 85' lang='lat' dir='ltr'>dicerent</span> <span class='ocrx_word' id='word_1_255' title='bbox 422 1773 484 1797; x_wconf 80' lang='lat' dir='ltr'>nec</span> <span class='ocrx_word' id='word_1_256' title='bbox 506 1761 582 1796; x_wconf 86' lang='lat' dir='ltr'>belli</span> <span class='ocrx_word' id='word_1_257' title='bbox 599 1761 789 1796; x_wconf 81' lang='lat' dir='ltr'>defuturam</span> <span class='ocrx_word' id='word_1_258' title='bbox 812 1774 970 1807; x_wconf 86' lang='lat' dir='ltr'>umquam</span> <span class='ocrx_word' id='word_1_259' title='bbox 986 1773 1132 1803; x_wconf 86' lang='lat' dir='ltr'>causam,</span> 
     </span>
    </p>
   </div>
  </div>
 </body>
</html>
