1298 1921
455 28 544 59 LIB.
569 27 685 59 XXII.
712 29 739 59 1.
1082 26 1122 59 67

64 68 273 140 &rici-smzicltis
306 102 469 138 sacrificio
493 103 530 138 in
560 105 675 138 monte
707 102 859 147 perfecto
883 101 971 137 votis
996 100 1060 136 rite
1085 101 1122 136 in

64 155 231 200 Capitolio
260 154 462 200 nuncupatis
492 167 605 190 secum
635 154 746 189 ferre:
780 165 841 188 nec
870 153 1040 198 privatum
1065 164 1120 186 au-

63 206 167 251 spicia
190 206 284 253 sequi
307 218 369 241 nec
394 205 467 240 sine
493 205 649 251 auspiciis
667 204 856 250 profectum
874 204 909 239 in
927 206 1064 238 externo
1082 216 1121 238 ea

62 257 133 292 solo
165 270 251 293 nova
279 260 380 302 atque
404 257 537 302 integra
569 256 745 301 concipere
778 267 887 300 posse.
937 255 1149 300 Augebantss

61 311 188 343 metum
215 308 368 354 prodigia
393 320 435 342 ex
459 307 610 353 pluribus
640 307 739 342 simul
764 306 846 341 locis
876 307 1051 341 nuntiata:
1085 306 1121 341 in

63 359 176 394 Sicilia
200 359 362 394 militibus
388 359 515 405 aliquot
541 358 678 404 spicula,
705 358 741 392 in
770 357 924 392 Sardinia
948 360 1060 392 autem
1085 357 1120 392 in

60 422 156 445 muro
174 410 397 446 circumeunti
414 410 544 456 vigilias
569 410 676 455 equiti
691 409 883 454 scipigmem,
903 421 1000 454 quem
1018 421 1119 444 manu

60 463 225 505 tenuerat,
252 462 384 505 arsisse,
409 464 443 496 et
468 461 567 496 litora
600 460 725 496 crebris
750 460 885 505 ignibus
913 459 1057 501 fulsisse,
1084 462 1119 495 et

60 516 157 547 scuta
181 513 247 548 duo
276 513 438 559 sanguine
463 512 611 554 sudasse,
639 515 673 546 et
698 512 821 546 milites
847 511 1008 558 quosdam
1033 511 1118 546 ictos

59 563 266 605 fulminibus,
292 570 325 599 et
351 564 429 598 solis
456 564 569 598 orbem
593 563 698 598 minui
721 563 851 598 visum:
887 565 921 598 et
944 564 1118 598 Praeneste

59 614 214 650 ardentes
231 615 357 661 lapides
375 615 456 650 coelo
473 614 641 656 cecidisse,
660 617 694 649 et
711 614 814 659 Arpis
832 626 962 659 parmas
982 614 1017 649 in
1034 614 1117 649 coelo

59 666 146 701 visas
173 670 444 713 pugnantemque
468 678 545 701 cum
567 665 647 700 luna
671 665 785 708 solem,
809 669 843 700 et
869 665 1011 711 Capenae
1034 665 1117 701 duas

58 717 206 752 interdiu
222 718 320 752 lunas
344 720 445 760 ortas,
463 719 497 751 et
515 729 617 763 aquas
642 718 789 751 Caeretes
814 717 977 763 sanguine
995 716 1116 751 mixtas

58 768 194 804 fluxisse
227 769 420 814 fontemque
452 768 563 813 ipsum
597 767 756 802 Herculis
782 767 930 802 cruentis
963 780 1116 803 manasse

57 831 247 865 respersum
279 820 428 861 maculis,
460 822 493 854 et
526 819 623 854 Antii
654 818 859 854 metentibus
893 822 1048 854 cruentas
1080 819 1116 854 iu

57 870 191 915 corbem
216 870 324 916 spicas
353 870 521 914 cecidisse,
547 873 581 905 et
605 869 745 905 Faleriis
774 870 892 905 coelum
918 870 998 905 findi
1022 869 1115 905 velut

57 934 179 968 magno
213 922 307 957 hiatu
342 922 464 965 visum,
496 933 627 967 quaque
661 921 818 967 patuerit,
851 921 970 967 ingens
1002 921 1115 957 lumen

57 972 231 1015 effulsisse,
250 976 359 1008 sortes
383 985 444 1008 sua
468 976 587 1018 sponte
613 972 814 1007 adtenuatas
836 985 1003 1018 unamque
1026 973 1114 1008 exci-

57 1023 146 1059 disse
168 1026 217 1058 ita
237 1024 399 1069 scriptam
422 1024 588 1058 “Mavors
610 1023 715 1059 telum
738 1018 837 1058 suum
859 1024 1008 1059 concutit
1021 1024 1052 1059 :²³
1079 1027 1113 1059 et

57 1087 119 1120 per
142 1075 230 1110 idem
254 1078 390 1121 tempus
415 1075 533 1110 Romae
555 1075 688 1121 signum
713 1075 836 1110 Martis
861 1075 973 1120 Appia
997 1075 1051 1110 via
1075 1087 1113 1111 ac

56 1126 234 1162 simulacra
265 1127 422 1172 luporum
460 1126 608 1170 sudasse,
641 1129 675 1162 et
709 1128 829 1172 Capuae
862 1126 1006 1172 speciem
1039 1127 1113 1162 coeli

56 1177 204 1213 ardentis
229 1178 333 1213 fuisse
357 1178 511 1224 lunaeque
535 1178 624 1213 inter
647 1178 789 1214 imbrem
818 1179 978 1213 cadentis.
1028 1178 1111 1214 Inde
1126 1183 1144 1217 7

55 1229 239 1265 minoribus
265 1230 366 1265 etiam
398 1230 493 1265 dictu
524 1229 684 1276 prodigiis
717 1229 798 1265 fides
824 1229 959 1265 habita:
994 1242 1110 1275 capras

54 1279 183 1316 lanatas
201 1281 400 1326 quibusdam
417 1281 533 1323 factas,
552 1284 586 1316 et
609 1281 766 1327 gallinam
782 1281 818 1316 in
834 1293 968 1324 marem,
985 1281 1109 1328 gallum

54 1331 90 1366 in
111 1332 267 1367 feminam
292 1345 365 1368 sese
383 1333 533 1368 vertisse.
582 1333 631 1378 Ijs
649 1333 736 1368 sicut
762 1335 857 1367 erant
881 1333 1037 1368 nuntiata
1056 1340 1139 1370 eir-8

54 1383 174 1428 positis
200 1384 460 1430 auctoribusque
484 1384 520 1419 in
544 1384 670 1419 curiam
694 1384 896 1419 introductis
924 1384 1041 1420 consul
1069 1384 1110 1430 de

32 1434 214 1483 [religione
246 1438 360 1480 patres
393 1435 580 1471 consuluit:
615 1435 788 1471 decretum
819 1438 858 1470 ut
891 1448 931 1471 ea
958 1435 1111 1482 prodigia

54 1487 177 1532 partim
193 1487 376 1532 maj0ribus
392 1486 512 1522 hostiis
529 1487 652 1533 partim
675 1487 877 1522 lactentibus
895 1499 1110 1533 procuraren-

53 1540 111 1572 tur
128 1540 162 1572 et
184 1538 237 1573 uti
259 1538 460 1584 supplicatio
478 1551 537 1584 per
559 1538 710 1574 triduum
726 1538 768 1573 ad
793 1539 902 1574 omnia
923 1538 1110 1584 pulvinaria

52 1587 256 1624 haberetur:
283 1593 413 1632 caetera,
435 1602 540 1635 quum
559 1589 738 1625 decemviri
753 1589 855 1625 libros
872 1590 1108 1635 inspexissent,

52 1642 93 1675 ut
109 1640 158 1675 ita
179 1641 308 1683 fierent,
333 1641 612 1687 quemadmodum
637 1641 729 1676 cordi
750 1653 824 1677 esse
847 1641 931 1677 divis
955 1641 1109 1677 carmini-

53 1690 116 1727 bus
134 1693 366 1737 praefarentur.
414 1693 691 1728 Deeemvirorum
708 1693 838 1728 monitu
854 1693 1026 1729 decretum
1043 1697 1105 1735 est,
1119 1697 1138 1728 9

53 1743 76 1778 J
77 1743 130 1779 ovi
146 1744 291 1789 primum
305 1744 430 1780 donum
442 1744 569 1780 fulmen
586 1756 725 1780 aureum
738 1744 847 1790 pondo
865 1744 1108 1792 quinquaginta
