1298 1921
136 33 199 62 ⁴204
389 31 425 62 T.
452 31 568 62 LIVII
594 31 928 63 HISTORIARUM

1028 77 1060 100 A.
1074 76 1102 99 c.
1116 76 1172 100 215.

70 110 121 146 6,7
136 104 325 150 disciplinae,
340 105 373 140 in
388 118 452 151 qua
465 105 604 141 eductus
618 113 716 142 esset.
757 107 842 142 Haec
854 76 1025 142 mandatai
1060 109 1174 146 Quum

136 157 351 202 cxspirz‘zsset‚
374 169 426 191 res
455 160 634 203 capessunt
661 160 789 193 tutores
817 161 1017 193 testamento
1046 160 1174 204 prolato

136 219 304 253 pueroque
336 208 371 242 in
403 208 593 242 concionem
625 209 906 254 producto-erat
939 213 1050 244 autem
1079 213 1175 255 quin-

136 259 241 293 decim
262 263 335 293 tum
357 259 459 294 ferme
482 261 817 305 annorum—paucis,
835 261 889 306 qui
911 273 969 306 per
985 262 1175 296 concionem

136 310 178 344 ad
210 310 401 344 excitandos
426 310 584 345 clamores
613 310 765 356 dispositi
789 314 892 354 erant,
917 311 1175 357 adprobantibus

136 364 383 401 testamentum,
407 361 534 396 caeteris
559 361 650 396 velut
674 366 770 407 patre
795 362 916 396 amisso
941 363 975 397 in
996 363 1076 397 orba
1098 363 1176 397 civi-

104 421 123 450 8
137 416 206 447 tate
224 413 332 447 omnia
348 412 552 447 timentibus.
601 413 715 447 Funus
733 413 770 447 fit
787 413 926 458 regium,
944 414 1048 458 magis
1067 426 1176 448 amore

105 465 256 504 9civium
282 467 316 498 et
342 464 479 498 caritate
505 477 602 511 quam
627 476 706 499 cura
730 476 865 498 suorum
890 464 1026 499 celebre.
1076 465 1176 499 Brevi

137 515 254 550 deinde
266 518 402 550 caeteros
414 518 543 550 tutores
555 515 728 550 submovet
740 515 1009 557 Andranodorus,
1020 516 1174 560 juvenem

133 567 200 612 jam
234 579 306 601 esse
339 566 495 601 dictitans
522 567 763 612 Hieronymum
796 578 833 601 ac
857 567 952 611 regni
982 570 1175 612 potentem:

137 616 398 663 deponendoque
426 617 566 652 tutelam
595 618 674 662 ipse,
702 630 775 662 quae
800 629 875 652 cum
908 617 1058 662 pluribus
1090 629 1178 652 com-

136 669 245 702 munis
263 671 344 709 erat,
363 669 397 702 in
414 681 449 703 se
465 681 567 702 unum
585 669 731 703 omnium
749 669 835 703 vires
853 668 1029 702 convertit.

69 719 125 759 (5)
184 720 251 754 Vix
274 719 406 764 quidem
428 719 487 753 ulli
511 719 597 754 bono
622 719 857 765 moderatoque
882 719 952 764 regi
977 719 1082 753 facilis
1107 721 1178 753 erat

138 771 230 805 favor
250 770 339 816 apud
357 771 580 816 Syracusanos
605 771 797 806 succedenti
820 773 922 805 tantae
946 770 1077 805 caritati
1094 771 1178 805 Hic-

137 822 246 856 ronis:
274 834 388 856 verum
417 822 584 856 enimvero
608 822 845 867 Hieronymus,
870 821 962 856 velut
990 822 1059 856 suis
1089 821 1177 855 vitiis

138 872 387 907 desiderabilem
416 873 542 907 efficere
570 873 669 907 vellet
699 885 806 915 avum,
833 873 937 918 primo
962 873 1074 906 statim
1101 884 1179 907 con-

106 928 256 969 2spectu
288 924 398 958 onmia
430 936 528 969 quam
559 924 704 969 disparia
736 927 847 959 essent
880 923 1035 958 ostendit.
1090 923 1178 958 Nam

141 976 197 1021 qui
221 987 280 1020 per
304 978 356 1010 tot
383 987 486 1009 annos
516 975 698 1010 Hieronem
728 976 897 1020 filiumque
922 977 994 1020 ejus
1021 974 1179 1009 Gelonem

141 1038 202 1061 nec
229 1027 332 1061 vestis
365 1026 482 1061 habitu
514 1039 575 1061 nec
608 1026 671 1061 alio
696 1026 764 1061 ullo
793 1026 916 1072 insigni
945 1025 1134 1060 differentes
1162 1037 1181 1059 a

141 1078 269 1113 caeteris
292 1078 419 1112 civibus
440 1077 612 1118 vidissent,
630 1090 832 1122 conspexere
856 1090 1036 1123 purpuram
1060 1089 1098 1111 ac
1116 1076 1182 1111 dia-

141 1129 236 1163 dema
253 1141 290 1163 ac
308 1129 467 1164 satellites
485 1132 639 1171 armatos,
657 1129 893 1174 quadrigisque
913 1129 1013 1163 etiam
1032 1127 1182 1162 alborum

140 1192 300 1225 equorum
318 1180 485 1214 interdum
502 1192 543 1214 ex
560 1180 652 1225 regia
668 1180 900 1225 procedentem
924 1191 1012 1213 more
1031 1179 1181 1223 Dionysii

108 1232 282 1277 3tyranni.
332 1231 434 1266 Hunc
451 1235 519 1265 tam
543 1231 719 1276 superbum
745 1234 940 1276 apparatum
965 1229 1182 1275 habitumque

141 1283 376 1317 convenientes
410 1282 635 1328 sequebantur
660 1285 872 1328 contemptus
899 1281 1046 1316 omnium
1079 1281 1182 1315 homi-

142 1347 231 1375 num,
263 1334 414 1378 superbae
443 1346 549 1375 aures,
579 1334 819 1368 contumeliosa
847 1333 945 1374 dicta,
975 1333 1042 1367 rari
1073 1331 1183 1366 aditus

141 1397 208 1419 non
233 1385 348 1420 alienis
373 1385 470 1420 modo
495 1385 553 1420 sed
573 1385 741 1420 tutoribus
766 1385 876 1426 etiam,
901 1383 1052 1419 libidines
1077 1395 1180 1422 novae.

110 1436 321 1474 4inhumana
345 1436 533 1471 crudelitas.
583 1436 703 1481 Itaque
728 1439 842 1470 tantus
865 1447 978 1469 omnes
1003 1438 1111 1469 terror
1136 1434 1184 1468 in-

143 1493 284 1529 vaserat,
309 1490 348 1522 ut
373 1487 505 1532 quidam
531 1499 573 1522 ex
594 1487 763 1522 tutoribus
785 1489 842 1521 aut
868 1490 974 1520 morte
998 1485 1184 1520 voluntaria

110 1548 128 1577 5
144 1542 202 1574 aut
227 1540 308 1584 fuga
330 1542 567 1584 praeverterent
592 1544 717 1574 metum
743 1539 990 1584 suppliciorum.
1039 1538 1120 1572 Tres
1144 1549 1183 1571 ex

143 1592 194 1630 iis,
212 1592 332 1637 quibus
356 1592 433 1626 solis
457 1591 567 1626 aditus
589 1592 623 1626 in
646 1591 778 1626 domum
804 1590 994 1625 familiarior
1016 1592 1097 1630 erat,
1117 1590 1184 1623 An-

145 1643 348 1677 dranodorus
385 1646 419 1677 et
452 1643 607 1688 Zoippus,
641 1642 754 1688 generi
787 1642 957 1682 Hieronis,
992 1644 1026 1676 et
1059 1641 1185 1674 Thraso

145 1694 288 1738 quidam,
317 1694 356 1729 de
386 1694 456 1728 aliis
486 1694 617 1739 quidem
651 1694 749 1728 rebus
778 1693 866 1727 haud
899 1704 1099 1736 magnopere
1128 1705 1185 1726 au-

145 1745 342 1780 diebantur:
374 1745 541 1780 tendendo
574 1748 686 1779 autem
715 1745 780 1779 duo
809 1744 851 1779 ad
881 1743 1183 1788 Carthaginienses,

1251 0 1263 109 l
