1262 1921
384 204 528 241 ΤΙΤΙ
577 203 760 240 LIVII

100 323 214 380 AB
284 322 538 381 URBE
610 321 1052 380 CONDITA

70 461 547 502 HISTORIARUM
578 462 787 503 DECAS
819 461 1076 501 TERTIA.

442 653 593 688 LIBER
616 653 716 688 XXI.

95 806 141 842 IN
157 808 254 852 parte
275 807 383 853 operis
400 808 466 843 mei
489 808 568 844 licet
588 809 669 844 mihi
688 808 832 855 praefari,
851 807 940 853 quod
960 806 995 842 in
1014 806 1100 853 prin-
1113 804 1166 846 (l)

50 858 138 903 cipio
156 871 292 893 summae
309 859 415 894 totius
438 860 580 905 professi
597 860 748 906 plerique
771 862 850 895 sunt
871 871 983 894 rerum
1000 858 1104 904 serip-

50 912 152 952 tores,
165 909 287 945 bellum
304 910 448 946 maxime
462 911 609 946 omnium
626 911 838 946 memorabile
856 923 928 957 quae
946 922 1104 956 umquam

53 964 150 1007 gesta
173 961 241 995 sint
266 973 319 996 me
343 962 556 1007 scripturum,
584 963 673 1008 quod
697 963 888 998 Hannibale
914 961 998 997 duce
1023 961 1104 996 Car-

51 1012 279 1057 thaginienses
297 1024 373 1047 cum
390 1013 515 1058 populo
533 1015 684 1048 Roinano
701 1026 846 1060 gessere.
888 1013 978 1048 Nam
994 1024 1103 1058 neque
1116 1021 1135 1050 2

51 1062 229 1098 validiores
247 1063 365 1108 opibus
382 1064 459 1099 ullae
476 1065 564 1100 inter
586 1077 622 1100 se
647 1065 801 1100 civitates
824 1068 1011 1111 gentesque
1029 1076 1105 1099 con-

52 1114 205 1149 tulerunt
222 1126 322 1156 arma,
341 1127 449 1161 neque
472 1116 524 1150 his
541 1116 622 1162 ipsis
646 1120 780 1151 tantum
804 1128 964 1162 umquam
984 1115 1106 1151 virium

53 1168 111 1200 aut
128 1165 256 1200 roboris
281 1165 365 1201 fujt:
392 1169 426 1201 et
443 1167 534 1202 haud
555 1168 688 1213 ignotas
713 1168 791 1203 belli
813 1171 902 1202 artes
927 1167 1016 1202 inter
1032 1178 1106 1201 sese

52 1217 112 1252 sed
129 1220 283 1263 expertas
304 1218 410 1262 primo
431 1218 560 1254 Punico
585 1219 805 1255 conserebant
828 1219 936 1254 bello:
963 1221 998 1253 et
1023 1218 1106 1253 adeo

52 1269 144 1303 varia
171 1269 308 1303 fortuna
336 1269 414 1304 belli
442 1282 630 1316 ancepsque
659 1271 754 1306 Mars
787 1271 863 1312 suit,
894 1273 934 1305 ut
966 1269 1106 1316 propius

0 1362 1 1366 Ἰ
52 1319 238 1365 periculum
254 1319 380 1355 fuerint
401 1321 458 1366 qui
475 1322 650 1356 vicerunt:
675 1322 760 1357 odiis
783 1323 885 1357 etiam
908 1333 1012 1367 prope
1037 1333 1107 1355 ma-

0 1372 1 1387 *
47 1371 179 1416 joribus
196 1374 368 1406 certarunt
385 1385 485 1418 quam
507 1373 644 1415 viribus,
664 1373 825 1408 Romanis
841 1372 1105 1419 indignantibus,

53 1422 140 1468 quod
158 1422 343 1458 victoribus
363 1424 444 1459 vieti
460 1424 550 1459 ultro
572 1424 735 1460 inferrent
753 1437 854 1467 arma,
876 1425 999 1466 Poenis,
1018 1423 1108 1469 quod

53 1473 196 1518 superbe
228 1485 392 1520 avareque
424 1475 599 1510 crederent
627 1476 859 1521 imperitatum
891 1476 990 1511 victis
1024 1487 1107 1510 esse.

53 1524 157 1559 Fama
183 1528 235 1559 est
267 1526 368 1560 etiarn
400 1527 626 1562 Hannibalem
659 1539 822 1563 annorum
854 1527 959 1562 ferme
988 1539 1138 1567 novem3

55 1577 230 1622 pueriliter
257 1577 483 1615 blandientem
515 1579 603 1625 patri
631 1580 826 1622 Hamilcari,
857 1583 897 1615 ut
929 1579 1110 1614 duceretur

55 1628 90 1663 in
115 1628 324 1674 Hispaniam,
354 1643 456 1676 quum
485 1631 636 1676 perfecto
664 1632 778 1667 Africo
807 1632 894 1667 bello
922 1631 1109 1666 exereitum

55 1691 94 1714 eo
125 1682 330 1725 traiecturus
363 1683 574 1725 sacrificaret,
610 1683 771 1719 altaribus
805 1684 977 1718 admotum
1009 1681 1111 1717 tactis

55 1731 158 1766 saeris
177 1733 399 1776 jurejurando
427 1735 593 1777 adactum,
621 1748 656 1770 se
682 1748 786 1781 quum
818 1735 964 1781 primum
996 1735 1112 1780 posset

104 1796 160 1815 mv.
175 1797 248 1816 msoe.
265 1797 302 1816 11.
572 1797 594 1820 B
