1298 1921
169 33 232 61 234
412 32 449 62 T.
474 31 592 61 LIVII
620 30 952 62 HISTORIARUM
1056 73 1090 104 [A
1115 74 1135 98 C
1158 74 1204 98 214

167 105 232 140 nisi
249 105 475 152 Hippocrates
493 108 593 151 atque
610 105 775 152 Epicydes
793 117 860 140 non
876 105 917 141 ab
932 106 1102 152 Syracusis
1120 106 1217 141 inodo

135 159 154 189 6
168 157 226 192 sed
243 160 316 192 tota
333 157 448 203 procul
474 157 585 192 Sicilia
609 157 852 203 ableg-arentur.
901 157 1077 203 Epicydes,
1097 170 1137 192 ne
1159 162 1217 192 aut

167 221 244 243 reus
267 209 413 244 criminis
437 208 586 243 absentis
604 209 716 243 fratris
740 221 885 253 praesens
903 212 991 243 esset
1009 212 1066 243 aut
1087 209 1217 243 deesset

168 272 228 305 pro
256 263 351 305 parte
380 272 441 294 sua
468 259 665 295 concitando
694 259 789 301 bello,
818 259 988 305 profectus
1018 263 1051 294 et
1083 260 1155 304 ipse
1184 260 1218 294 in

167 311 362 352 Leontinos,
382 311 460 356 quia
481 311 563 345 satis
587 323 643 345 cos
666 310 825 345 adversus
848 310 1005 356 populum
1030 311 1215 345 Romanuin

168 362 353 397 concitatos
364 361 530 403 cernebat,
544 365 693 396 avertere
705 362 804 396 ctiam
818 361 858 396 ab
873 361 1088 406 Syracusanis
1101 362 1216 407 coepit:

168 426 246 448 nani
262 414 310 448 ita
327 426 383 448 eos
401 425 515 458 pacem
533 413 700 459 pepigisse
721 425 798 448 cum
817 413 987 455 Romanis,
1004 416 1052 454 ut,
1072 412 1218 458 quicum-

168 477 232 510 que
250 464 363 510 populi
381 464 443 499 sub
461 464 596 509 regibus
621 464 772 507 fuissent,
791 467 824 499 et
842 476 909 498 suae
927 463 1062 498 ditionis
1085 467 1216 498 essent:

168 528 229 551 nec
247 519 317 560 jam
342 516 500 551 liberatos
519 518 694 550 contentos
718 528 800 557 esse,
819 515 883 550 nisi
905 515 1006 550 etiam
1024 519 1163 561 regnent
1181 527 1219 550 ac

168 567 401 602 dominentur:
435 566 694 602 renuntiandum
723 567 827 613 igitur
852 567 900 601 eis
927 579 1008 608 esse,
1035 567 1218 601 Leontinos

168 631 300 664 quoque
325 631 456 664 aequum
485 630 619 653 censere
642 618 763 653 liberos
788 631 870 661 esse,
894 618 946 652 vel
972 617 1060 664 quod
1086 618 1121 652 in
1149 617 1219 652 solo

168 669 260 705 urbis
279 682 346 705 suae
371 674 531 716 tyrannus
549 669 715 712 ceciderit,
734 669 785 704 vel
808 668 896 716 quod
913 669 958 704 ibi
981 669 1123 715 primum
1142 681 1219 703 con-

168 721 348 756 clamatum
365 721 408 756 ad
424 721 612 756 libertatem
635 721 827 767 relictisque
844 721 944 767 regiis
963 720 1103 756 ducibus
1123 720 1220 766 Syra-

169 785 266 808 cusas
300 785 499 808 concursum
533 773 598 807 sit:
634 773 748 819 itaque
781 775 839 807 aut
872 772 1084 808 eximendum
1116 771 1151 806 id
1179 771 1219 806 de

169 824 292 859 foedere
322 837 394 859 esse
420 827 478 859 aut
504 824 611 870 legem
637 837 709 859 eam
734 823 866 859 foederis
892 837 958 859 non
984 822 1217 869 accipiendam.

137 874 153 906 7
169 876 279 911 Facile
292 876 500 910 multitudini
518 888 723 919 persuasum,
736 875 922 921 legatisque
937 876 1219 921 Syracusanorum

169 931 203 962 et
221 927 261 962 de
279 927 369 962 caede
388 927 541 962 stationis
566 928 726 962 Romanae
743 927 960 972 querentibus
979 929 1012 961 et
1032 927 1220 971 Hippocra-

167 981 226 1013 ten
259 982 360 1024 atque
392 978 565 1025 Epicyden
598 978 688 1013 abire
719 991 779 1013 seu
810 978 937 1013 Locros
971 990 1030 1012 seu
1063 990 1128 1023 quo
1156 977 1219 1012 alio

170 1029 315 1070 mallent,
329 1029 407 1065 dum
425 1030 522 1065 modo
542 1030 653 1065 Sicilia
669 1030 835 1072 cederent,
849 1029 1047 1073 jubentibus
1066 1029 1220 1064 ferociter

170 1093 366 1126 responsum
395 1085 458 1124 est,
488 1094 596 1128 neque
629 1081 804 1116 mandasse
837 1093 910 1116 sese
940 1080 1155 1126 Syracusanis
1182 1083 1220 1115 ut

167 1145 283 1178 pacem
316 1145 376 1178 pro
409 1146 444 1168 se
483 1145 559 1168 cum
593 1133 754 1168 Romanis
792 1133 940 1167 facerent
973 1145 1079 1178 neque
1112 1134 1220 1166 teneri

136 1184 282 1219 Salienis
315 1184 507 1219 foedcribus.
557 1185 642 1219 Haec
667 1184 708 1219 ad
738 1185 908 1219 Romanos
935 1183 1132 1230 Syracusani
1165 1183 1221 1218 de-

167 1235 319 1270 tulerunt
349 1236 533 1271 abnuentes
558 1236 743 1270 Leontinos
777 1236 811 1270 in
844 1247 904 1270 sua
929 1238 1097 1281 potestate
1126 1247 1218 1269 esse:

167 1287 281 1333 itaque
306 1287 437 1333 integro
465 1299 577 1322 secum
600 1287 725 1322 foedere
751 1287 871 1322 bellum
896 1287 1063 1321 Romanos
1087 1298 1162 1320 cum
1180 1286 1220 1321 iis

168 1344 335 1384 gesturos,
362 1352 470 1385 neque
496 1351 568 1374 sese
592 1338 767 1373 defuturos
793 1339 823 1373 ei
849 1338 944 1379 bello,
970 1338 1018 1372 ita
1042 1341 1080 1371 ut
1105 1338 1138 1372 in
1163 1349 1222 1382 po-

169 1394 328 1425 testatem
351 1390 476 1426 redacti
502 1403 571 1426 suae
597 1403 713 1425 rursus
737 1389 872 1425 ditionis
895 1393 1017 1431 essent,
1042 1389 1128 1424 sicut
1154 1401 1221 1435 pax

171 1442 393 1477 convenisset.

76 1491 157 1533 (30)
218 1493 399 1528 Marcellus
417 1505 492 1528 cum
511 1493 600 1527 omni
617 1492 765 1528 exercitu
787 1492 956 1538 profectus
974 1492 1009 1526 in
1024 1491 1219 1533 Leontinos,

171 1545 282 1590 Appio
301 1557 432 1590 quoque
450 1545 556 1580 accito
574 1548 612 1579 ut
630 1544 735 1579 altera
748 1548 843 1589 parte
861 1543 1109 1590 adgrederetur,
1127 1547 1221 1578 tanto

171 1595 288 1631 ardore
311 1596 452 1631 militum
476 1600 528 1631 est
550 1609 630 1631 usus
653 1595 693 1631 ab
717 1597 765 1630 ira
787 1596 874 1630 inter
899 1595 1105 1631 conditiones
1131 1596 1221 1641 pacis

169 1647 355 1682 interfectae
380 1647 545 1690 stationis,
562 1650 601 1682 ut
625 1647 732 1692 primo
757 1647 887 1692 impetu
909 1647 1025 1682 urbem
1051 1659 1222 1692 expugna-

135 1704 154 1733 2
170 1701 254 1733 rent.
303 1699 532 1744 Hippocrates
547 1702 646 1743 atque
658 1697 823 1744 Epicydes
837 1701 1013 1743 postquam
1024 1699 1097 1743 capi
1109 1711 1220 1732 muros

168 1750 374 1797 refringique
404 1754 516 1797 portas
545 1750 666 1791 videre,
698 1750 732 1784 in
761 1762 869 1785 arcem
897 1762 969 1785 sese
997 1762 1073 1786 cum
1107 1750 1220 1796 paucis
