1298 1921
373 27 463 59 LIB.
485 26 625 58 XXIII.
648 27 699 64 30,
716 28 767 57 31.
1037 25 1097 56 175

43 70 120 97 A.c.
135 69 205 101 21⁵]

43 104 86 142 Q.
105 103 242 138 Mucius
268 102 416 138 Scaevola
441 101 628 137 Sardiniam
659 100 772 136 sortiti
797 101 888 135 sunt.
937 99 988 135 M.
1005 99 1096 134 Mar·
1112 103 1150 133 16

42 154 125 191 cello
148 166 207 200 pro
232 154 369 190 consule
392 154 570 200 imperium
595 165 669 188 esse
696 152 842 198 populus
863 152 979 197 jussit,
1007 151 1096 198 quod

41 209 117 253 post
136 206 346 241 Cannensem
361 205 489 241 cladem
506 217 593 240 unus
608 205 837 240 Romanorum
854 203 1094 249 imperatorum

40 258 76 294 in
106 258 206 292 Italia
234 269 393 303 prospere
426 269 497 292 rem
529 256 702 302 gessisset.
753 255 908 297 Senatus,
943 267 1009 300 quo
1043 254 1188 295 die(31)

40 308 184 355 primum
201 312 253 343 est
276 308 311 343 in
334 308 501 354 Capitolio
524 307 710 349 consultus,
731 306 879 341 decrevit
902 308 952 348 ut,
972 318 1039 352 quo
1056 317 1096 341 eo

39 371 126 395 anno
149 359 273 405 duplex
297 359 463 395 tributum
490 360 720 405 imperaretur,
748 358 890 404 simplex
918 357 1095 393 confestim

38 411 241 457 exigeretur,
260 423 302 446 cx
325 424 391 457 quo
415 411 621 457 stipendium
642 422 788 455 praesens
812 409 965 445 omnibus
983 409 1097 444 militi-

39 462 101 498 bus
119 462 256 498 daretur
273 466 497 509 praeterquam
515 463 574 509 qui
590 462 715 497 milites
729 461 771 496 ad
789 462 921 496 Cannas
939 461 1093 496 fuissent.

40 514 91 550 De
120 514 323 550 exercitibus
350 515 400 549 ita
425 514 657 556 decreverunt,
679 516 718 548 ut
748 513 878 549 duabus
904 512 1128 559 legionibus2

37 565 174 601 urbanis
208 566 282 601 Tib.
317 566 534 612 Sempronius
566 565 684 601 consul
710 565 804 600 Cales
829 564 871 599 ad
896 564 1095 600 convenien—

37 616 118 652 dum
135 617 222 652 diem
239 616 394 662 ediceret,
407 617 486 652 inde
503 629 550 652 eae
566 617 715 663 legiones
733 616 769 651 in
785 619 897 651 castra
914 615 1095 651 Claudiana

36 680 140 714 supra
165 669 358 704 Suessulam
383 668 639 704 deducerentur.
690 668 777 705 Quae
801 668 849 703 ibi
872 668 1021 714 legiones
1042 680 1094 703 es·
1108 674 1126 703 3

36 723 255 755 sent—erant
285 723 398 755 autem
428 720 614 755 Cannensis
647 719 791 754 maxime
820 719 1093 754 exercitus—eas

37 773 101 817 Ap.
115 771 275 806 Claudius
293 771 439 807 Pulcher
455 774 578 818 praetor
595 771 631 806 in
645 771 789 807 Siciliam
808 771 989 816 trajiceret,
1004 783 1095 816 quae-

37 836 101 870 que
125 824 161 858 in
186 823 298 859 Sicilia
322 826 445 868 essent,
471 824 615 859 Romam
640 823 908 869 deportarentur.
957 822 1013 858 Ad
1037 827 1127 858 eir-4

37 875 190 918 ercitum,
211 875 265 910 cui
290 875 332 910 ad
364 875 630 911 conveniendum
657 875 754 910 Cales
780 875 890 910 edicta
914 874 985 909 dies
1010 877 1093 916 erat,

36 926 87 962 M.
107 926 269 961 Claudius
300 927 483 962 Marcellus
503 927 638 968 missus,
659 927 754 972 isque
774 928 892 971 jussus
920 927 956 961 in
984 928 1095 961 castra

39 978 220 1013 Claudiana
252 978 417 1014 deducere
449 978 595 1014 urbanas
633 978 793 1025 legiones.
859 978 915 1013 Ad
946 981 1093 1013 veterem
1108 986 1128 1015 5

37 1030 223 1065 exercitum
241 1030 471 1076 accipiendum
488 1030 788 1076 deducendumque
801 1030 878 1065 inde
896 1030 930 1065 in
948 1030 1096 1065 Siciliam

37 1081 111 1117 Tib.
131 1082 297 1117 Maecilius
316 1082 420 1117 Croto
436 1082 569 1128 legatus
587 1082 628 1118 ab
645 1083 710 1128 Ap.
730 1082 871 1117 Claudio
889 1084 942 1117 est
959 1082 1093 1117 missus.

37 1133 146 1168 Taciti
163 1134 270 1180 primo
287 1137 566 1180 exspectaverant
580 1134 741 1176 homines,
757 1134 809 1169 uti
826 1133 944 1169 consul
960 1134 1096 1169 comitia
1109 1138 1128 1168 6

37 1184 173 1231 collegae
198 1185 341 1220 creando
366 1185 527 1221 haberet:
554 1185 685 1229 deinde,
710 1185 768 1221 ubi
789 1186 981 1232 ablegatum
1002 1185 1095 1221 velut

38 1235 79 1271 de
111 1236 278 1271 industria
309 1237 360 1272 M.
379 1237 580 1272 Marcellum
614 1237 782 1279 viderunt,
817 1250 917 1283 quem
950 1237 1096 1272 maxime

38 1287 210 1323 consulem
241 1289 277 1323 in
310 1301 387 1323 eum
420 1301 545 1324 annum
572 1288 615 1324 ob
642 1289 778 1335 egregie
806 1289 841 1324 in
867 1291 1014 1335 praetura
1041 1301 1095 1324 res

38 1342 151 1385 gestas
177 1340 281 1375 creari
302 1340 469 1382 volebant,
497 1341 652 1376 fremitus
675 1341 710 1376 in
727 1341 820 1376 curia
836 1344 943 1376 ortus.
993 1340 1095 1378 Quod
1110 1343 1128 1377 7

38 1390 97 1426 ubi
125 1391 230 1426 sensit
258 1392 385 1434 consul,
413 1392 663 1437 “Utrumque’'
688 1392 799 1438 inquit
823 1394 873 1428 “e
898 1405 934 1428 re
962 1392 1097 1438 publica
1156 1412 1167 1425 .

38 1442 114 1486 fuit,
132 1445 245 1489 patres
263 1443 454 1489 conscripti,
472 1446 507 1479 et
528 1444 578 1478 M.
599 1443 777 1479 Claudium
795 1444 837 1479 ad
853 1443 1096 1490 permutandos

39 1494 207 1529 exercitus
224 1495 260 1529 in
277 1495 493 1541 Campaniam
513 1495 689 1540 proficisci,
707 1502 741 1531 et
759 1495 894 1531 comitia
917 1508 985 1530 non
1001 1495 1096 1541 prius

39 1544 125 1580 edici
150 1558 250 1592 quam
274 1546 304 1581 is
328 1546 406 1581 inde
431 1547 585 1582 confecto
611 1547 702 1593 quod
734 1547 931 1583 mandatum
963 1552 1015 1583 est
1041 1560 1098 1582 ne-

40 1597 133 1643 gotio
158 1598 366 1641 revertisset,
390 1600 430 1633 ut
454 1610 514 1634 vos
547 1599 729 1641 consulem,
757 1611 856 1645 quem
881 1602 1017 1645 tempus
1049 1599 1100 1634 rei

41 1648 183 1694 publieae
215 1649 413 1695 postularet,
447 1662 546 1696 quem
575 1651 719 1686 maxime
751 1651 866 1694 vultis,
895 1651 1098 1686 haberetis?

44 1699 99 1734 Ita
121 1699 162 1735 de
185 1701 340 1743 comitiis,
359 1701 465 1737 donec
486 1701 586 1737 rediit
609 1701 803 1745 Marcellus,
828 1702 999 1738 silentium
1023 1703 1099 1737 fuit.
1119 1713 1135 1740 S

45 1751 141 1787 Inter
157 1764 197 1788 ea
213 1752 380 1789 duumviri
399 1754 506 1789 creati-
520 1756 602 1789 sunt
624 1754 662 1796 Q.
680 1754 804 1790 Fabius
821 1755 995 1790 Maximus
1012 1757 1047 1790 et
1064 1754 1103 1790 Τ.
1120 1765 1137 1791 9
