<?xml version="1.0" encoding="UTF-8"?>
<!DOCTYPE html PUBLIC "-//W3C//DTD XHTML 1.0 Transitional//EN"
    "http://www.w3.org/TR/xhtml1/DTD/xhtml1-transitional.dtd">
<html xmlns="http://www.w3.org/1999/xhtml" xml:lang="en" lang="en">
 <head>
  <title>
</title>
<meta http-equiv="Content-Type" content="text/html;charset=utf-8" />
  <meta name='ocr-system' content='tesseract 3.04.00' />
  <meta name='ocr-capabilities' content='ocr_page ocr_carea ocr_par ocr_line ocrx_word'/>
</head>
<body>
  <div class='ocr_page' id='page_1' title='image "./booksxxixxivwith00livyuoft_0037.png"; bbox 0 0 1272 1921; ppageno 0'>
   <div class='ocr_carea' id='block_1_1' title="bbox 0 0 198 73">
    <p class='ocr_par' dir='ltr' id='par_1_1' title="bbox 0 0 198 73">
     <span class='ocr_line' id='line_1_1' title="bbox 0 0 198 73; baseline 0 1848"><span class='ocrx_word' id='word_1_1' title='bbox 0 0 198 73; x_wconf 95' lang='lat' dir='ltr'><strong> </strong></span> 
     </span>
    </p>
   </div>
   <div class='ocr_carea' id='block_1_2' title="bbox 39 42 1086 112">
    <p class='ocr_par' dir='ltr' id='par_1_2' title="bbox 39 42 1086 112">
     <span class='ocr_line' id='line_1_2' title="bbox 377 42 1086 73; baseline 0 0"><span class='ocrx_word' id='word_1_2' title='bbox 377 43 468 73; x_wconf 87' lang='lat' dir='ltr'><strong>LIB.</strong></span> <span class='ocrx_word' id='word_1_3' title='bbox 491 42 588 72; x_wconf 88' lang='lat' dir='ltr'>XXI.</span> <span class='ocrx_word' id='word_1_4' title='bbox 615 43 748 73; x_wconf 84' lang='lat'>13—16.</span> <span class='ocrx_word' id='word_1_5' title='bbox 1047 44 1086 73; x_wconf 89' lang='lat'><strong>15</strong></span> 
     </span>
     <span class='ocr_line' id='line_1_3' title="bbox 39 81 200 112; baseline -0.006 -7"><span class='ocrx_word' id='word_1_6' title='bbox 39 83 73 106; x_wconf 78' lang='lat' dir='ltr'><strong>A.</strong></span> <span class='ocrx_word' id='word_1_7' title='bbox 86 81 115 106; x_wconf 83' lang='lat' dir='ltr'><strong>e.</strong></span> <span class='ocrx_word' id='word_1_8' title='bbox 130 81 200 112; x_wconf 86' lang='lat'><strong>219.]</strong></span> 
     </span>
    </p>
   </div>
   <div class='ocr_carea' id='block_1_3' title="bbox 31 112 1179 1797">
    <p class='ocr_par' dir='ltr' id='par_1_3' title="bbox 37 112 1086 312">
     <span class='ocr_line' id='line_1_4' title="bbox 38 112 1085 159; baseline -0.003 -11"><span class='ocrx_word' id='word_1_9' title='bbox 38 115 172 155; x_wconf 84' lang='lat' dir='ltr'><strong>fecerat,</strong></span> <span class='ocrx_word' id='word_1_10' title='bbox 191 114 225 148; x_wconf 86' lang='lat' dir='ltr'><strong>et</strong></span> <span class='ocrx_word' id='word_1_11' title='bbox 246 112 369 159; x_wconf 84' lang='lat' dir='ltr'><strong>captivi</strong></span> <span class='ocrx_word' id='word_1_12' title='bbox 392 113 535 148; x_wconf 86' lang='lat' dir='ltr'><strong>militum</strong></span> <span class='ocrx_word' id='word_1_13' title='bbox 557 113 669 158; x_wconf 82' lang='lat' dir='ltr'><strong>praeda</strong></span> <span class='ocrx_word' id='word_1_14' title='bbox 690 112 832 155; x_wconf 85' lang='lat' dir='ltr'><strong>fuerant,</strong></span> <span class='ocrx_word' id='word_1_15' title='bbox 849 115 962 146; x_wconf 84' lang='lat' dir='ltr'><strong>tamen</strong></span> <span class='ocrx_word' id='word_1_16' title='bbox 985 113 1019 146; x_wconf 84' lang='lat' dir='ltr'><strong>et</strong></span> <span class='ocrx_word' id='word_1_17' title='bbox 1041 123 1085 146; x_wconf 85' lang='lat' dir='ltr'><strong>cx</strong></span> 
     </span>
     <span class='ocr_line' id='line_1_5' title="bbox 37 162 1085 210; baseline -0.003 -11"><span class='ocrx_word' id='word_1_18' title='bbox 37 166 147 210; x_wconf 86' lang='lat' dir='ltr'><strong>pretio</strong></span> <span class='ocrx_word' id='word_1_19' title='bbox 162 176 274 199; x_wconf 88' lang='lat' dir='ltr'><strong>rerum</strong></span> <span class='ocrx_word' id='word_1_20' title='bbox 291 164 500 199; x_wconf 82' lang='lat' dir='ltr'><strong>venditarum</strong></span> <span class='ocrx_word' id='word_1_21' title='bbox 518 164 724 210; x_wconf 86' lang='lat' dir='ltr'><strong>aliquantum</strong></span> <span class='ocrx_word' id='word_1_22' title='bbox 745 163 895 209; x_wconf 86' lang='lat' dir='ltr'><strong>pecuniae</strong></span> <span class='ocrx_word' id='word_1_23' title='bbox 913 162 1085 197; x_wconf 81' lang='lat' dir='ltr'><strong>redactum</strong></span> 
     </span>
     <span class='ocr_line' id='line_1_6' title="bbox 37 213 1086 261; baseline -0.003 -11"><span class='ocrx_word' id='word_1_24' title='bbox 37 228 110 251; x_wconf 86' lang='lat' dir='ltr'><strong>esse</strong></span> <span class='ocrx_word' id='word_1_25' title='bbox 137 218 279 257; x_wconf 85' lang='lat' dir='ltr'><strong>constat,</strong></span> <span class='ocrx_word' id='word_1_26' title='bbox 308 219 342 250; x_wconf 87' lang='lat' dir='ltr'><strong>et</strong></span> <span class='ocrx_word' id='word_1_27' title='bbox 371 215 512 250; x_wconf 80' lang='lat' dir='ltr'><strong>multam</strong></span> <span class='ocrx_word' id='word_1_28' title='bbox 538 215 718 261; x_wconf 77' lang='lat' dir='ltr'>pretiosam</span> <span class='ocrx_word' id='word_1_29' title='bbox 746 213 986 260; x_wconf 86' lang='lat' dir='ltr'><strong>supellectilem</strong></span> <span class='ocrx_word' id='word_1_30' title='bbox 1014 225 1086 248; x_wconf 85' lang='lat' dir='ltr'><strong>ves-</strong></span> 
     </span>
     <span class='ocr_line' id='line_1_7' title="bbox 37 266 589 312; baseline -0.004 -10"><span class='ocrx_word' id='word_1_31' title='bbox 37 269 170 312; x_wconf 81' lang='lat' dir='ltr'>temque</span> <span class='ocrx_word' id='word_1_32' title='bbox 187 266 323 301; x_wconf 82' lang='lat' dir='ltr'><strong>missam</strong></span> <span class='ocrx_word' id='word_1_33' title='bbox 341 266 589 312; x_wconf 75' lang='lat' dir='ltr'><strong>Carthaginem.</strong></span> 
     </span>
    </p>

    <p class='ocr_par' dir='ltr' id='par_1_4' title="bbox 36 315 1120 1221">
     <span class='ocr_line' id='line_1_8' title="bbox 83 315 1116 363; baseline -0.002 -10"><span class='ocrx_word' id='word_1_34' title='bbox 83 318 211 353; x_wconf 89' lang='lat' dir='ltr'><strong>Octavo</strong></span> <span class='ocrx_word' id='word_1_35' title='bbox 244 329 367 361; x_wconf 83' lang='lat' dir='ltr'><strong>mense,</strong></span> <span class='ocrx_word' id='word_1_36' title='bbox 401 330 500 363; x_wconf 87' lang='lat' dir='ltr'><strong>quam</strong></span> <span class='ocrx_word' id='word_1_37' title='bbox 535 320 680 363; x_wconf 83' lang='lat' dir='ltr'><strong>coeptum</strong></span> <span class='ocrx_word' id='word_1_38' title='bbox 718 315 915 363; x_wconf 84' lang='lat' dir='ltr'><strong>oppugnari,</strong></span> <span class='ocrx_word' id='word_1_39' title='bbox 949 317 1116 360; x_wconf 87' lang='lat' dir='ltr'><strong>captum2</strong></span> 
     </span>
     <span class='ocr_line' id='line_1_9' title="bbox 39 367 1085 414; baseline -0.003 -11"><span class='ocrx_word' id='word_1_40' title='bbox 39 369 225 414; x_wconf 80' lang='lat' dir='ltr'><strong>Saguntum</strong></span> <span class='ocrx_word' id='word_1_41' title='bbox 258 368 389 414; x_wconf 83' lang='lat' dir='ltr'><strong>quidam</strong></span> <span class='ocrx_word' id='word_1_42' title='bbox 425 369 606 413; x_wconf 80' lang='lat' dir='ltr'><strong>scripsere:</strong></span> <span class='ocrx_word' id='word_1_43' title='bbox 645 367 722 403; x_wconf 88' lang='lat' dir='ltr'><strong>inde</strong></span> <span class='ocrx_word' id='word_1_44' title='bbox 755 367 992 413; x_wconf 76' lang='lat' dir='ltr'>Carthaginem</span> <span class='ocrx_word' id='word_1_45' title='bbox 1026 378 1085 401; x_wconf 90' lang='lat' dir='ltr'><strong>no-</strong></span> 
     </span>
     <span class='ocr_line' id='line_1_10' title="bbox 36 417 1086 464; baseline -0.003 -10"><span class='ocrx_word' id='word_1_46' title='bbox 36 432 111 454; x_wconf 87' lang='lat' dir='ltr'><strong>vam</strong></span> <span class='ocrx_word' id='word_1_47' title='bbox 131 420 167 454; x_wconf 88' lang='lat' dir='ltr'><strong>in</strong></span> <span class='ocrx_word' id='word_1_48' title='bbox 183 419 322 455; x_wconf 86' lang='lat' dir='ltr'><strong>hiberna</strong></span> <span class='ocrx_word' id='word_1_49' title='bbox 346 420 570 455; x_wconf 80' lang='lat' dir='ltr'><strong>Hannibalem</strong></span> <span class='ocrx_word' id='word_1_50' title='bbox 593 419 808 462; x_wconf 79' lang='lat' dir='ltr'><strong>concessisse,</strong></span> <span class='ocrx_word' id='word_1_51' title='bbox 826 419 944 464; x_wconf 88' lang='lat' dir='ltr'><strong>quinto</strong></span> <span class='ocrx_word' id='word_1_52' title='bbox 967 417 1086 452; x_wconf 86' lang='lat' dir='ltr'><strong>deinde</strong></span> 
     </span>
     <span class='ocr_line' id='line_1_11' title="bbox 36 469 1086 517; baseline -0.003 -11"><span class='ocrx_word' id='word_1_53' title='bbox 36 483 158 513; x_wconf 88' lang='lat' dir='ltr'><strong>mense,</strong></span> <span class='ocrx_word' id='word_1_54' title='bbox 185 483 285 517; x_wconf 91' lang='lat' dir='ltr'><strong>quam</strong></span> <span class='ocrx_word' id='word_1_55' title='bbox 309 470 350 506; x_wconf 86' lang='lat' dir='ltr'><strong>ab</strong></span> <span class='ocrx_word' id='word_1_56' title='bbox 379 471 583 517; x_wconf 80' lang='lat' dir='ltr'>Carthagine</span> <span class='ocrx_word' id='word_1_57' title='bbox 611 471 782 517; x_wconf 86' lang='lat' dir='ltr'><strong>profectus</strong></span> <span class='ocrx_word' id='word_1_58' title='bbox 808 470 862 512; x_wconf 88' lang='lat' dir='ltr'><strong>sit,</strong></span> <span class='ocrx_word' id='word_1_59' title='bbox 889 470 924 504; x_wconf 87' lang='lat' dir='ltr'><strong>in</strong></span> <span class='ocrx_word' id='word_1_60' title='bbox 951 469 1086 504; x_wconf 87' lang='lat' dir='ltr'><strong>Italiam</strong></span> 
     </span>
     <span class='ocr_line' id='line_1_12' title="bbox 37 520 1117 567; baseline -0.003 -11"><span class='ocrx_word' id='word_1_61' title='bbox 37 521 236 567; x_wconf 85' lang='lat' dir='ltr'><strong>pervenisse.</strong></span> <span class='ocrx_word' id='word_1_62' title='bbox 285 521 371 559; x_wconf 75' lang='lat' dir='ltr'><strong>Quae</strong></span> <span class='ocrx_word' id='word_1_63' title='bbox 397 522 426 556; x_wconf 89' lang='lat' dir='ltr'><strong>si</strong></span> <span class='ocrx_word' id='word_1_64' title='bbox 451 522 500 556; x_wconf 87' lang='lat' dir='ltr'><strong>ita</strong></span> <span class='ocrx_word' id='word_1_65' title='bbox 527 525 616 565; x_wconf 86' lang='lat' dir='ltr'><strong>sunt,</strong></span> <span class='ocrx_word' id='word_1_66' title='bbox 645 522 716 556; x_wconf 89' lang='lat' dir='ltr'><strong>fieri</strong></span> <span class='ocrx_word' id='word_1_67' title='bbox 744 533 812 556; x_wconf 90' lang='lat' dir='ltr'><strong>non</strong></span> <span class='ocrx_word' id='word_1_68' title='bbox 839 520 952 566; x_wconf 86' lang='lat' dir='ltr'><strong>potuit</strong></span> <span class='ocrx_word' id='word_1_69' title='bbox 981 522 1019 554; x_wconf 89' lang='lat' dir='ltr'><strong>ut</strong></span> <span class='ocrx_word' id='word_1_70' title='bbox 1047 520 1117 554; x_wconf 85' lang='lat' dir='ltr'><strong>P.3</strong></span> 
     </span>
     <span class='ocr_line' id='line_1_13' title="bbox 38 571 1086 618; baseline -0.002 -11"><span class='ocrx_word' id='word_1_71' title='bbox 38 573 211 608; x_wconf 88' lang='lat' dir='ltr'><strong>Cornelius</strong></span> <span class='ocrx_word' id='word_1_72' title='bbox 228 572 301 608; x_wconf 87' lang='lat' dir='ltr'><strong>Tib.</strong></span> <span class='ocrx_word' id='word_1_73' title='bbox 321 572 536 618; x_wconf 71' lang='lat' dir='ltr'><strong>Sempronius</strong></span> <span class='ocrx_word' id='word_1_74' title='bbox 560 573 713 607; x_wconf 90' lang='lat' dir='ltr'><strong>consules</strong></span> <span class='ocrx_word' id='word_1_75' title='bbox 736 572 872 615; x_wconf 87' lang='lat' dir='ltr'><strong>fuerint,</strong></span> <span class='ocrx_word' id='word_1_76' title='bbox 890 571 932 606; x_wconf 86' lang='lat' dir='ltr'><strong>ad</strong></span> <span class='ocrx_word' id='word_1_77' title='bbox 949 582 1031 617; x_wconf 91' lang='lat' dir='ltr'><strong>quos</strong></span> <span class='ocrx_word' id='word_1_78' title='bbox 1052 574 1086 606; x_wconf 85' lang='lat' dir='ltr'><strong>et</strong></span> 
     </span>
     <span class='ocr_line' id='line_1_14' title="bbox 38 622 1087 670; baseline -0.002 -12"><span class='ocrx_word' id='word_1_79' title='bbox 38 623 197 670; x_wconf 87' lang='lat' dir='ltr'><strong>principio</strong></span> <span class='ocrx_word' id='word_1_80' title='bbox 222 623 480 670; x_wconf 75' lang='lat' dir='ltr'><strong>oppugnationis</strong></span> <span class='ocrx_word' id='word_1_81' title='bbox 505 623 609 670; x_wconf 87' lang='lat' dir='ltr'><strong>legati</strong></span> <span class='ocrx_word' id='word_1_82' title='bbox 635 623 813 669; x_wconf 80' lang='lat' dir='ltr'><strong>Saguntini</strong></span> <span class='ocrx_word' id='word_1_83' title='bbox 838 623 931 657; x_wconf 90' lang='lat' dir='ltr'><strong>missi</strong></span> <span class='ocrx_word' id='word_1_84' title='bbox 960 622 1029 657; x_wconf 79' lang='lat' dir='ltr'><strong>sint</strong></span> <span class='ocrx_word' id='word_1_85' title='bbox 1053 625 1087 657; x_wconf 89' lang='lat' dir='ltr'><strong>et</strong></span> 
     </span>
     <span class='ocr_line' id='line_1_15' title="bbox 38 674 1088 722; baseline -0.002 -12"><span class='ocrx_word' id='word_1_86' title='bbox 38 676 96 721; x_wconf 87' lang='lat' dir='ltr'><strong>qui</strong></span> <span class='ocrx_word' id='word_1_87' title='bbox 111 675 145 710; x_wconf 90' lang='lat' dir='ltr'><strong>in</strong></span> <span class='ocrx_word' id='word_1_88' title='bbox 161 688 222 710; x_wconf 87' lang='lat' dir='ltr'><strong>suo</strong></span> <span class='ocrx_word' id='word_1_89' title='bbox 244 676 444 722; x_wconf 85' lang='lat' dir='ltr'><strong>magistratu</strong></span> <span class='ocrx_word' id='word_1_90' title='bbox 461 687 536 710; x_wconf 90' lang='lat' dir='ltr'><strong>cum</strong></span> <span class='ocrx_word' id='word_1_91' title='bbox 554 675 754 718; x_wconf 80' lang='lat' dir='ltr'><strong>Hannibale,</strong></span> <span class='ocrx_word' id='word_1_92' title='bbox 772 676 856 710; x_wconf 86' lang='lat' dir='ltr'><strong>alter</strong></span> <span class='ocrx_word' id='word_1_93' title='bbox 873 674 916 709; x_wconf 89' lang='lat' dir='ltr'><strong>ad</strong></span> <span class='ocrx_word' id='word_1_94' title='bbox 934 674 1088 709; x_wconf 89' lang='lat' dir='ltr'><strong>Ticinum</strong></span> 
     </span>
     <span class='ocr_line' id='line_1_16' title="bbox 38 725 1086 772; baseline -0.001 -11"><span class='ocrx_word' id='word_1_95' title='bbox 38 739 175 768; x_wconf 82' lang='lat' dir='ltr'><strong>amnem,</strong></span> <span class='ocrx_word' id='word_1_96' title='bbox 198 726 294 762; x_wconf 86' lang='lat' dir='ltr'><strong>ambo</strong></span> <span class='ocrx_word' id='word_1_97' title='bbox 317 727 487 772; x_wconf 83' lang='lat' dir='ltr'><strong>aliquanto</strong></span> <span class='ocrx_word' id='word_1_98' title='bbox 509 729 586 772; x_wconf 87' lang='lat' dir='ltr'><strong>post</strong></span> <span class='ocrx_word' id='word_1_99' title='bbox 609 727 650 761; x_wconf 87' lang='lat' dir='ltr'><strong>ad</strong></span> <span class='ocrx_word' id='word_1_100' title='bbox 672 726 827 762; x_wconf 83' lang='lat' dir='ltr'><strong>Trebiam</strong></span> <span class='ocrx_word' id='word_1_101' title='bbox 850 725 1086 771; x_wconf 87' lang='lat' dir='ltr'><strong>pugnaverint.</strong></span> 
     </span>
     <span class='ocr_line' id='line_1_17' title="bbox 37 776 1119 823; baseline 0.001 -11"><span class='ocrx_word' id='word_1_102' title='bbox 37 779 108 812; x_wconf 89' lang='lat' dir='ltr'><strong>Aut</strong></span> <span class='ocrx_word' id='word_1_103' title='bbox 123 777 234 812; x_wconf 86' lang='lat' dir='ltr'><strong>omnia</strong></span> <span class='ocrx_word' id='word_1_104' title='bbox 250 777 401 813; x_wconf 88' lang='lat' dir='ltr'><strong>breviora</strong></span> <span class='ocrx_word' id='word_1_105' title='bbox 418 777 587 823; x_wconf 87' lang='lat' dir='ltr'><strong>aliquanto</strong></span> <span class='ocrx_word' id='word_1_106' title='bbox 604 777 698 812; x_wconf 85' lang='lat' dir='ltr'><strong>fuere</strong></span> <span class='ocrx_word' id='word_1_107' title='bbox 715 780 774 812; x_wconf 86' lang='lat' dir='ltr'><strong>aut</strong></span> <span class='ocrx_word' id='word_1_108' title='bbox 793 778 981 822; x_wconf 80' lang='lat' dir='ltr'><strong>Saguntum</strong></span> <span class='ocrx_word' id='word_1_109' title='bbox 999 776 1086 822; x_wconf 86' lang='lat' dir='ltr'><strong>prin·</strong></span> <span class='ocrx_word' id='word_1_110' title='bbox 1099 785 1119 814; x_wconf 74' lang='lat'><em>4</em></span> 
     </span>
     <span class='ocr_line' id='line_1_18' title="bbox 38 828 1087 875; baseline -0.001 -12"><span class='ocrx_word' id='word_1_111' title='bbox 38 829 122 874; x_wconf 89' lang='lat' dir='ltr'><strong>cipio</strong></span> <span class='ocrx_word' id='word_1_112' title='bbox 133 828 231 871; x_wconf 89' lang='lat' dir='ltr'><strong>.anni‚</strong></span> <span class='ocrx_word' id='word_1_113' title='bbox 255 841 320 875; x_wconf 92' lang='lat' dir='ltr'><strong>quo</strong></span> <span class='ocrx_word' id='word_1_114' title='bbox 342 829 380 864; x_wconf 80' lang='lat' dir='ltr'><strong>P.</strong></span> <span class='ocrx_word' id='word_1_115' title='bbox 400 828 576 864; x_wconf 84' lang='lat' dir='ltr'><strong>Cornelius</strong></span> <span class='ocrx_word' id='word_1_116' title='bbox 599 829 672 864; x_wconf 85' lang='lat' dir='ltr'><strong>Tib.</strong></span> <span class='ocrx_word' id='word_1_117' title='bbox 692 828 910 874; x_wconf 84' lang='lat' dir='ltr'><strong>Sempronius</strong></span> <span class='ocrx_word' id='word_1_118' title='bbox 933 828 1087 863; x_wconf 87' lang='lat' dir='ltr'><strong>consules</strong></span> 
     </span>
     <span class='ocr_line' id='line_1_19' title="bbox 37 879 1120 926; baseline 0 -13"><span class='ocrx_word' id='word_1_119' title='bbox 37 879 182 923; x_wconf 75' lang='lat' dir='ltr'><strong>fuerunt,</strong></span> <span class='ocrx_word' id='word_1_120' title='bbox 199 892 267 914; x_wconf 88' lang='lat' dir='ltr'><strong>non</strong></span> <span class='ocrx_word' id='word_1_121' title='bbox 283 882 428 926; x_wconf 85' lang='lat' dir='ltr'><strong>coeptum</strong></span> <span class='ocrx_word' id='word_1_122' title='bbox 446 881 633 926; x_wconf 86' lang='lat' dir='ltr'><strong>oppugnari</strong></span> <span class='ocrx_word' id='word_1_123' title='bbox 654 884 706 915; x_wconf 84' lang='lat' dir='ltr'><strong>est</strong></span> <span class='ocrx_word' id='word_1_124' title='bbox 723 879 782 914; x_wconf 86' lang='lat' dir='ltr'><strong>sed</strong></span> <span class='ocrx_word' id='word_1_125' title='bbox 799 882 947 925; x_wconf 86' lang='lat' dir='ltr'><strong>captum.</strong></span> <span class='ocrx_word' id='word_1_126' title='bbox 997 879 1086 913; x_wconf 85' lang='lat' dir='ltr'><strong>Nam</strong></span> <span class='ocrx_word' id='word_1_127' title='bbox 1101 885 1120 914; x_wconf 90' lang='lat'><em>5</em></span> 
     </span>
     <span class='ocr_line' id='line_1_20' title="bbox 37 930 1088 977; baseline 0 -12"><span class='ocrx_word' id='word_1_128' title='bbox 37 930 217 965; x_wconf 78' lang='lat' dir='ltr'><strong>excessisse</strong></span> <span class='ocrx_word' id='word_1_129' title='bbox 236 943 348 977; x_wconf 85' lang='lat' dir='ltr'><strong>pugna</strong></span> <span class='ocrx_word' id='word_1_130' title='bbox 370 930 411 965; x_wconf 88' lang='lat' dir='ltr'><strong>ad</strong></span> <span class='ocrx_word' id='word_1_131' title='bbox 433 931 587 966; x_wconf 87' lang='lat' dir='ltr'><strong>Trebiam</strong></span> <span class='ocrx_word' id='word_1_132' title='bbox 609 931 645 966; x_wconf 91' lang='lat' dir='ltr'><strong>in</strong></span> <span class='ocrx_word' id='word_1_133' title='bbox 666 943 790 965; x_wconf 86' lang='lat' dir='ltr'><strong>annum</strong></span> <span class='ocrx_word' id='word_1_134' title='bbox 814 930 875 965; x_wconf 89' lang='lat' dir='ltr'><strong>Cn.</strong></span> <span class='ocrx_word' id='word_1_135' title='bbox 899 930 1031 965; x_wconf 86' lang='lat' dir='ltr'><strong>Servilii</strong></span> <span class='ocrx_word' id='word_1_136' title='bbox 1053 933 1088 965; x_wconf 85' lang='lat' dir='ltr'><strong>et</strong></span> 
     </span>
     <span class='ocr_line' id='line_1_21' title="bbox 39 981 1088 1028; baseline 0 -12"><span class='ocrx_word' id='word_1_137' title='bbox 39 982 75 1016; x_wconf 82' lang='lat' dir='ltr'><strong>O.</strong></span> <span class='ocrx_word' id='word_1_138' title='bbox 93 981 246 1016; x_wconf 83' lang='lat' dir='ltr'><strong>Flaminii</strong></span> <span class='ocrx_word' id='word_1_139' title='bbox 262 994 330 1017; x_wconf 89' lang='lat' dir='ltr'><strong>non</strong></span> <span class='ocrx_word' id='word_1_140' title='bbox 346 984 468 1028; x_wconf 80' lang='lat' dir='ltr'><strong>potest,</strong></span> <span class='ocrx_word' id='word_1_141' title='bbox 486 982 564 1028; x_wconf 84' lang='lat' dir='ltr'><strong>quia</strong></span> <span class='ocrx_word' id='word_1_142' title='bbox 586 982 624 1017; x_wconf 88' lang='lat' dir='ltr'><strong>C.</strong></span> <span class='ocrx_word' id='word_1_143' title='bbox 643 982 826 1017; x_wconf 84' lang='lat' dir='ltr'><strong>Flaminius</strong></span> <span class='ocrx_word' id='word_1_144' title='bbox 844 981 988 1017; x_wconf 82' lang='lat' dir='ltr'><strong>Arimini</strong></span> <span class='ocrx_word' id='word_1_145' title='bbox 1009 994 1088 1017; x_wconf 91' lang='lat' dir='ltr'><strong>con-</strong></span> 
     </span>
     <span class='ocr_line' id='line_1_22' title="bbox 37 1032 1088 1078; baseline 0 -10"><span class='ocrx_word' id='word_1_146' title='bbox 37 1032 182 1067; x_wconf 85' lang='lat' dir='ltr'><strong>sulatum</strong></span> <span class='ocrx_word' id='word_1_147' title='bbox 209 1033 294 1076; x_wconf 86' lang='lat' dir='ltr'><strong>iniit,</strong></span> <span class='ocrx_word' id='word_1_148' title='bbox 320 1036 451 1068; x_wconf 86' lang='lat' dir='ltr'><strong>creatus</strong></span> <span class='ocrx_word' id='word_1_149' title='bbox 480 1045 500 1068; x_wconf 87' lang='lat' dir='ltr'><strong>a</strong></span> <span class='ocrx_word' id='word_1_150' title='bbox 527 1033 599 1068; x_wconf 90' lang='lat' dir='ltr'><strong>Tib.</strong></span> <span class='ocrx_word' id='word_1_151' title='bbox 629 1033 826 1078; x_wconf 87' lang='lat' dir='ltr'><strong>Sempronio</strong></span> <span class='ocrx_word' id='word_1_152' title='bbox 856 1033 1002 1075; x_wconf 87' lang='lat' dir='ltr'><strong>consule,</strong></span> <span class='ocrx_word' id='word_1_153' title='bbox 1029 1033 1088 1078; x_wconf 85' lang='lat' dir='ltr'><strong>qui</strong></span> 
     </span>
     <span class='ocr_line' id='line_1_23' title="bbox 36 1083 1087 1130; baseline 0 -12"><span class='ocrx_word' id='word_1_154' title='bbox 36 1086 113 1129; x_wconf 85' lang='lat' dir='ltr'><strong>post</strong></span> <span class='ocrx_word' id='word_1_155' title='bbox 130 1096 273 1130; x_wconf 83' lang='lat' dir='ltr'><strong>pugnam</strong></span> <span class='ocrx_word' id='word_1_156' title='bbox 298 1083 340 1119; x_wconf 85' lang='lat' dir='ltr'><strong>ad.</strong></span> <span class='ocrx_word' id='word_1_157' title='bbox 355 1084 507 1119; x_wconf 82' lang='lat' dir='ltr'><strong>Trebiam</strong></span> <span class='ocrx_word' id='word_1_158' title='bbox 531 1084 572 1119; x_wconf 80' lang='lat' dir='ltr'><strong>ad</strong></span> <span class='ocrx_word' id='word_1_159' title='bbox 589 1085 749 1120; x_wconf 86' lang='lat' dir='ltr'><strong>creandos</strong></span> <span class='ocrx_word' id='word_1_160' title='bbox 773 1084 926 1119; x_wconf 88' lang='lat' dir='ltr'><strong>consules</strong></span> <span class='ocrx_word' id='word_1_161' title='bbox 944 1084 1087 1119; x_wconf 86' lang='lat' dir='ltr'><strong>Romam</strong></span> 
     </span>
     <span class='ocr_line' id='line_1_24' title="bbox 36 1135 1088 1182; baseline 0.001 -13"><span class='ocrx_word' id='word_1_162' title='bbox 36 1147 138 1180; x_wconf 89' lang='lat' dir='ltr'><strong>quum</strong></span> <span class='ocrx_word' id='word_1_163' title='bbox 162 1135 320 1180; x_wconf 82' lang='lat' dir='ltr'><strong>venisset,</strong></span> <span class='ocrx_word' id='word_1_164' title='bbox 345 1135 488 1171; x_wconf 88' lang='lat' dir='ltr'><strong>comitiis</strong></span> <span class='ocrx_word' id='word_1_165' title='bbox 515 1135 672 1182; x_wconf 86' lang='lat' dir='ltr'><strong>perfectis</strong></span> <span class='ocrx_word' id='word_1_166' title='bbox 697 1135 740 1171; x_wconf 87' lang='lat' dir='ltr'><strong>ad</strong></span> <span class='ocrx_word' id='word_1_167' title='bbox 765 1135 953 1171; x_wconf 82' lang='lat' dir='ltr'><strong>exercitum</strong></span> <span class='ocrx_word' id='word_1_168' title='bbox 977 1135 1013 1170; x_wconf 89' lang='lat' dir='ltr'><strong>in</strong></span> <span class='ocrx_word' id='word_1_169' title='bbox 1036 1135 1088 1170; x_wconf 87' lang='lat' dir='ltr'><strong>hi-</strong></span> 
     </span>
     <span class='ocr_line' id='line_1_25' title="bbox 36 1185 263 1222; baseline 0.005 -2"><span class='ocrx_word' id='word_1_170' title='bbox 36 1185 137 1220; x_wconf 85' lang='lat' dir='ltr'><strong>berna</strong></span> <span class='ocrx_word' id='word_1_171' title='bbox 153 1186 263 1222; x_wconf 86' lang='lat' dir='ltr'><strong>rediit.</strong></span> 
     </span>
    </p>

    <p class='ocr_par' dir='ltr' id='par_1_5' title="bbox 31 1232 1179 1797">
     <span class='ocr_line' id='line_1_26' title="bbox 84 1232 1179 1284; baseline 0 -13"><span class='ocrx_word' id='word_1_172' title='bbox 84 1237 152 1272; x_wconf 89' lang='lat' dir='ltr'><strong>Sub</strong></span> <span class='ocrx_word' id='word_1_173' title='bbox 180 1237 268 1272; x_wconf 91' lang='lat' dir='ltr'><strong>idem</strong></span> <span class='ocrx_word' id='word_1_174' title='bbox 296 1237 366 1273; x_wconf 82' lang='lat' dir='ltr'><strong>sere</strong></span> <span class='ocrx_word' id='word_1_175' title='bbox 394 1240 528 1283; x_wconf 86' lang='lat' dir='ltr'><strong>tempus</strong></span> <span class='ocrx_word' id='word_1_176' title='bbox 558 1240 592 1273; x_wconf 87' lang='lat' dir='ltr'><strong>et</strong></span> <span class='ocrx_word' id='word_1_177' title='bbox 620 1237 733 1284; x_wconf 86' lang='lat' dir='ltr'><strong>legati,</strong></span> <span class='ocrx_word' id='word_1_178' title='bbox 762 1237 817 1284; x_wconf 87' lang='lat' dir='ltr'><strong>qui</strong></span> <span class='ocrx_word' id='word_1_179' title='bbox 847 1237 1017 1273; x_wconf 73' lang='lat' dir='ltr'><strong>redierant</strong></span> <span class='ocrx_word' id='word_1_180' title='bbox 1046 1237 1087 1273; x_wconf 86' lang='lat' dir='ltr'><strong>ab</strong></span> <span class='ocrx_word' id='word_1_181' title='bbox 1102 1232 1179 1276; x_wconf 83' lang='grc'><strong>(16)</strong></span> 
     </span>
     <span class='ocr_line' id='line_1_27' title="bbox 36 1287 1087 1332; baseline 0.002 -10"><span class='ocrx_word' id='word_1_182' title='bbox 36 1287 250 1332; x_wconf 71' lang='lat' dir='ltr'><strong>Carthagine,</strong></span> <span class='ocrx_word' id='word_1_183' title='bbox 276 1290 415 1324; x_wconf 85' lang='lat' dir='ltr'><strong>Romam</strong></span> <span class='ocrx_word' id='word_1_184' title='bbox 439 1289 629 1324; x_wconf 86' lang='lat' dir='ltr'><strong>retulerunt</strong></span> <span class='ocrx_word' id='word_1_185' title='bbox 654 1289 764 1324; x_wconf 86' lang='lat' dir='ltr'><strong>omnia</strong></span> <span class='ocrx_word' id='word_1_186' title='bbox 785 1289 919 1324; x_wconf 86' lang='lat' dir='ltr'><strong>hostilia</strong></span> <span class='ocrx_word' id='word_1_187' title='bbox 944 1301 1028 1332; x_wconf 83' lang='lat' dir='ltr'><strong>esse,</strong></span> <span class='ocrx_word' id='word_1_188' title='bbox 1053 1292 1087 1324; x_wconf 91' lang='lat' dir='ltr'><strong>et</strong></span> 
     </span>
     <span class='ocr_line' id='line_1_28' title="bbox 36 1339 1088 1386; baseline 0.002 -13"><span class='ocrx_word' id='word_1_189' title='bbox 36 1339 179 1385; x_wconf 79' lang='lat' dir='ltr'><strong>Sagunti</strong></span> <span class='ocrx_word' id='word_1_190' title='bbox 191 1340 359 1375; x_wconf 84' lang='lat' dir='ltr'><strong>excidium</strong></span> <span class='ocrx_word' id='word_1_191' title='bbox 372 1341 564 1375; x_wconf 83' lang='lat' dir='ltr'><strong>nuntiatum</strong></span> <span class='ocrx_word' id='word_1_192' title='bbox 579 1344 642 1382; x_wconf 83' lang='lat' dir='ltr'><strong>est,</strong></span> <span class='ocrx_word' id='word_1_193' title='bbox 656 1343 841 1386; x_wconf 85' lang='lat' dir='ltr'><strong>tantusque</strong></span> <span class='ocrx_word' id='word_1_194' title='bbox 856 1340 956 1375; x_wconf 86' lang='lat' dir='ltr'><strong>simul</strong></span> <span class='ocrx_word' id='word_1_195' title='bbox 969 1353 1088 1375; x_wconf 83' lang='lat' dir='ltr'><strong>maeror</strong></span> 
     </span>
     <span class='ocr_line' id='line_1_29' title="bbox 35 1391 1087 1438; baseline 0.001 -13"><span class='ocrx_word' id='word_1_196' title='bbox 35 1394 147 1436; x_wconf 85' lang='lat' dir='ltr'><strong>patres</strong></span> <span class='ocrx_word' id='word_1_197' title='bbox 172 1391 464 1437; x_wconf 87' lang='lat' dir='ltr'><strong>misericordiaque</strong></span> <span class='ocrx_word' id='word_1_198' title='bbox 487 1392 653 1427; x_wconf 89' lang='lat' dir='ltr'><strong>sociorum</strong></span> <span class='ocrx_word' id='word_1_199' title='bbox 678 1395 927 1437; x_wconf 84' lang='lat' dir='ltr'><strong>peremptorum</strong></span> <span class='ocrx_word' id='word_1_200' title='bbox 950 1391 1087 1438; x_wconf 84' lang='lat' dir='ltr'><strong>indigne</strong></span> 
     </span>
     <span class='ocr_line' id='line_1_30' title="bbox 34 1442 1087 1488; baseline 0.002 -12"><span class='ocrx_word' id='word_1_201' title='bbox 34 1444 69 1476; x_wconf 88' lang='lat' dir='ltr'><strong>et</strong></span> <span class='ocrx_word' id='word_1_202' title='bbox 86 1442 193 1487; x_wconf 87' lang='lat' dir='ltr'><strong>pudor</strong></span> <span class='ocrx_word' id='word_1_203' title='bbox 209 1454 277 1477; x_wconf 89' lang='lat' dir='ltr'><strong>non</strong></span> <span class='ocrx_word' id='word_1_204' title='bbox 298 1443 358 1477; x_wconf 87' lang='lat' dir='ltr'><strong>lati</strong></span> <span class='ocrx_word' id='word_1_205' title='bbox 379 1443 497 1478; x_wconf 83' lang='lat' dir='ltr'><strong>auxilii</strong></span> <span class='ocrx_word' id='word_1_206' title='bbox 519 1445 553 1477; x_wconf 87' lang='lat' dir='ltr'><strong>et</strong></span> <span class='ocrx_word' id='word_1_207' title='bbox 576 1443 626 1477; x_wconf 84' lang='lat' dir='ltr'><strong>ira</strong></span> <span class='ocrx_word' id='word_1_208' title='bbox 647 1443 683 1477; x_wconf 90' lang='grc'><strong>111</strong></span> <span class='ocrx_word' id='word_1_209' title='bbox 705 1443 1000 1488; x_wconf 78' lang='lat' dir='ltr'><strong>Carthaginienses</strong></span> <span class='ocrx_word' id='word_1_210' title='bbox 1021 1456 1087 1478; x_wconf 87' lang='lat' dir='ltr'><strong>me-</strong></span> 
     </span>
     <span class='ocr_line' id='line_1_31' title="bbox 33 1492 1086 1539; baseline 0.001 -12"><span class='ocrx_word' id='word_1_211' title='bbox 33 1495 158 1538; x_wconf 87' lang='lat' dir='ltr'><strong>tusque</strong></span> <span class='ocrx_word' id='word_1_212' title='bbox 183 1492 224 1528; x_wconf 87' lang='lat' dir='ltr'><strong>de</strong></span> <span class='ocrx_word' id='word_1_213' title='bbox 247 1506 376 1528; x_wconf 84' lang='lat' dir='ltr'><strong>summa</strong></span> <span class='ocrx_word' id='word_1_214' title='bbox 398 1506 510 1528; x_wconf 88' lang='lat' dir='ltr'><strong>rerum</strong></span> <span class='ocrx_word' id='word_1_215' title='bbox 534 1494 633 1539; x_wconf 71' lang='lat' dir='ltr'><strong>cepit,</strong></span> <span class='ocrx_word' id='word_1_216' title='bbox 649 1495 745 1529; x_wconf 86' lang='lat' dir='ltr'><strong>velut</strong></span> <span class='ocrx_word' id='word_1_217' title='bbox 767 1495 795 1529; x_wconf 92' lang='lat' dir='ltr'><strong>si</strong></span> <span class='ocrx_word' id='word_1_218' title='bbox 813 1497 885 1539; x_wconf 78' lang='lat' dir='ltr'><strong>J&#39;am</strong></span> <span class='ocrx_word' id='word_1_219' title='bbox 908 1493 950 1528; x_wconf 85' lang='lat' dir='ltr'><strong>ad</strong></span> <span class='ocrx_word' id='word_1_220' title='bbox 972 1497 1086 1539; x_wconf 87' lang='lat' dir='ltr'><strong>portas</strong></span> 
     </span>
     <span class='ocr_line' id='line_1_32' title="bbox 33 1543 1087 1590; baseline 0.001 -12"><span class='ocrx_word' id='word_1_221' title='bbox 33 1543 140 1579; x_wconf 84' lang='lat' dir='ltr'><strong>hostis</strong></span> <span class='ocrx_word' id='word_1_222' title='bbox 159 1547 257 1587; x_wconf 83' lang='lat' dir='ltr'><strong>esset,</strong></span> <span class='ocrx_word' id='word_1_223' title='bbox 275 1548 315 1580; x_wconf 88' lang='lat' dir='ltr'><strong>ut</strong></span> <span class='ocrx_word' id='word_1_224' title='bbox 332 1548 383 1580; x_wconf 91' lang='lat' dir='ltr'><strong>tot</strong></span> <span class='ocrx_word' id='word_1_225' title='bbox 400 1557 468 1580; x_wconf 92' lang='lat' dir='ltr'><strong>uno</strong></span> <span class='ocrx_word' id='word_1_226' title='bbox 487 1550 640 1590; x_wconf 86' lang='lat' dir='ltr'><strong>tempore</strong></span> <span class='ocrx_word' id='word_1_227' title='bbox 662 1545 809 1580; x_wconf 86' lang='lat' dir='ltr'><strong>motibus</strong></span> <span class='ocrx_word' id='word_1_228' title='bbox 834 1546 935 1580; x_wconf 77' lang='lat' dir='ltr'><strong>animi</strong></span> <span class='ocrx_word' id='word_1_229' title='bbox 958 1545 1087 1580; x_wconf 84' lang='lat' dir='ltr'><strong>turbati</strong></span> 
     </span>
     <span class='ocr_line' id='line_1_33' title="bbox 33 1597 1119 1644; baseline 0.003 -14"><span class='ocrx_word' id='word_1_230' title='bbox 33 1597 241 1642; x_wconf 82' lang='lat' dir='ltr'><strong>trepidarent</strong></span> <span class='ocrx_word' id='word_1_231' title='bbox 257 1598 363 1644; x_wconf 88' lang='lat' dir='ltr'><strong>magis</strong></span> <span class='ocrx_word' id='word_1_232' title='bbox 381 1610 479 1643; x_wconf 85' lang='lat' dir='ltr'><strong>quam</strong></span> <span class='ocrx_word' id='word_1_233' title='bbox 502 1599 725 1632; x_wconf 86' lang='lat' dir='ltr'><strong>consulerent.</strong></span> <span class='ocrx_word' id='word_1_234' title='bbox 775 1598 862 1633; x_wconf 84' lang='lat' dir='ltr'><strong>Nam</strong></span> <span class='ocrx_word' id='word_1_235' title='bbox 885 1610 993 1644; x_wconf 88' lang='lat' dir='ltr'><strong>neque</strong></span> <span class='ocrx_word' id='word_1_236' title='bbox 1011 1598 1087 1633; x_wconf 86' lang='lat' dir='ltr'><strong>hos·</strong></span> <span class='ocrx_word' id='word_1_237' title='bbox 1100 1607 1119 1636; x_wconf 94' lang='lat'>2</span> 
     </span>
     <span class='ocr_line' id='line_1_34' title="bbox 32 1649 1086 1695; baseline 0.001 -13"><span class='ocrx_word' id='word_1_238' title='bbox 32 1650 102 1682; x_wconf 88' lang='lat' dir='ltr'><strong>tem</strong></span> <span class='ocrx_word' id='word_1_239' title='bbox 126 1649 285 1684; x_wconf 89' lang='lat' dir='ltr'><strong>acriorem</strong></span> <span class='ocrx_word' id='word_1_240' title='bbox 308 1649 615 1694; x_wconf 84' lang='lat' dir='ltr'><strong>bellicosioremque</strong></span> <span class='ocrx_word' id='word_1_241' title='bbox 639 1661 751 1684; x_wconf 88' lang='lat' dir='ltr'><strong>secum</strong></span> <span class='ocrx_word' id='word_1_242' title='bbox 775 1661 1003 1695; x_wconf 83' lang='lat' dir='ltr'><strong>congressum,</strong></span> <span class='ocrx_word' id='word_1_243' title='bbox 1025 1661 1086 1684; x_wconf 87' lang='lat' dir='ltr'><strong>nee</strong></span> 
     </span>
     <span class='ocr_line' id='line_1_35' title="bbox 33 1699 1086 1746; baseline 0.001 -13"><span class='ocrx_word' id='word_1_244' title='bbox 33 1710 102 1734; x_wconf 88' lang='lat' dir='ltr'><strong>rem</strong></span> <span class='ocrx_word' id='word_1_245' title='bbox 120 1700 306 1735; x_wconf 79' lang='lat' dir='ltr'><strong>Romanam</strong></span> <span class='ocrx_word' id='word_1_246' title='bbox 330 1704 399 1735; x_wconf 86' lang='lat' dir='ltr'><strong>tam</strong></span> <span class='ocrx_word' id='word_1_247' title='bbox 422 1699 570 1735; x_wconf 86' lang='lat' dir='ltr'><strong>desidem</strong></span> <span class='ocrx_word' id='word_1_248' title='bbox 591 1712 748 1745; x_wconf 86' lang='lat' dir='ltr'><strong>umquam</strong></span> <span class='ocrx_word' id='word_1_249' title='bbox 773 1700 878 1735; x_wconf 87' lang='lat' dir='ltr'><strong>fuisse</strong></span> <span class='ocrx_word' id='word_1_250' title='bbox 904 1704 1004 1746; x_wconf 88' lang='lat' dir='ltr'><strong>atque</strong></span> <span class='ocrx_word' id='word_1_251' title='bbox 1028 1701 1086 1734; x_wconf 88' lang='lat' dir='ltr'><strong>im-</strong></span> 
     </span>
     <span class='ocr_line' id='line_1_36' title="bbox 31 1750 1119 1797; baseline 0.001 -13"><span class='ocrx_word' id='word_1_252' title='bbox 31 1750 161 1786; x_wconf 86' lang='lat' dir='ltr'><strong>bellem.</strong></span> <span class='ocrx_word' id='word_1_253' title='bbox 224 1752 345 1787; x_wconf 87' lang='lat' dir='ltr'><strong>Sardos</strong></span> <span class='ocrx_word' id='word_1_254' title='bbox 375 1753 560 1797; x_wconf 78' lang='lat' dir='ltr'><strong>Corsosque</strong></span> <span class='ocrx_word' id='word_1_255' title='bbox 590 1754 624 1786; x_wconf 88' lang='lat' dir='ltr'><strong>et</strong></span> <span class='ocrx_word' id='word_1_256' title='bbox 653 1751 792 1786; x_wconf 86' lang='lat' dir='ltr'><strong>Histros</strong></span> <span class='ocrx_word' id='word_1_257' title='bbox 817 1758 919 1797; x_wconf 84' lang='lat' dir='ltr'><strong>atque</strong></span> <span class='ocrx_word' id='word_1_258' title='bbox 952 1751 1119 1796; x_wconf 83' lang='lat' dir='ltr'><strong>lllyrios3</strong></span> 
     </span>
    </p>
   </div>
  </div>
 </body>
</html>
