1298 1921
401 33 490 65 LIB.
513 33 631 66 XXII.
655 35 790 65 20—22.
1077 35 1115 65 91

66 76 101 101 A.
115 76 144 101 e.
158 75 230 108 2η]

112 109 190 145 Hoc
215 111 308 145 statu
335 121 448 144 rerum
472 108 508 144 in
531 108 699 153 Hispania
722 108 761 143 P.
787 107 899 153 Scipio
922 108 958 143 in
982 102 1212 154 provin-(22)

65 161 150 196 ciam
172 161 274 203 venit,
298 162 480 206 prorogato
502 163 580 205 post
605 159 815 195 consulatum
840 159 980 204 imperio
1006 158 1047 194 ab
1067 171 1116 194 se-

65 215 150 246 natu
166 212 288 246 missus
301 223 377 246 cum
393 211 535 257 triginta
550 210 658 257 longis
676 210 816 246 navibus
830 213 864 245 et
877 212 954 245 octo
970 210 1116 245 millibus

64 262 209 297 militum
235 274 422 309 magnoque
447 265 635 297 commeatu
657 262 807 297 advecto.
858 261 908 296 Ea
929 261 1044 296 classis
1066 261 1146 296 in-2

63 325 146 359 gens
164 314 295 360 agmine
312 313 537 349 onerariarum
554 313 670 359 procul
684 313 754 348 visa.
770 325 846 348 cum
862 325 984 359 magna
998 312 1116 348 laetitia

63 364 187 400 civium
211 365 440 411 sociorumque
464 368 598 410 portum
621 365 816 400 Tarraconis
836 376 878 399 ex
903 364 971 399 alto
995 364 1115 399 tenuit.

63 415 118 451 Ibi
142 416 246 452 milite
269 417 423 462 exposito
443 417 616 462 profectus
640 416 750 462 Scipio
775 416 870 451 fratri
888 428 924 450 se
941 416 1145 462 conjungit3

63 479 101 502 ac
133 467 252 503 deinde
284 468 452 503 commum·
483 469 592 503 animo
624 467 826 513 consilioque
858 466 1019 512 gerebant
1047 466 1118 502 bel-

61 517 141 554 lum.
191 519 373 565 Occupatis
409 519 514 565 igitur
547 518 880 565 Carthaginiensibus
914 517 1146 553 Celtiberico4

62 569 149 605 bello
182 570 271 606 haud
303 573 502 606 cunctanter
535 571 700 606 Hiberum
728 569 1024 616 transgrediuntur
1052 582 1115 605 nec

61 621 130 656 ullo
162 623 234 657 viso
266 623 364 657 hoste
393 623 581 668 Saguntum
605 624 750 668 pergunt
779 622 837 663 ire,
865 621 954 667 quod
985 620 1033 656 ibi
1056 620 1115 656 ob-

61 673 150 708 sides
170 674 276 709 totius
301 673 474 719 Hispaniae
494 673 636 708 traditos
661 673 702 708 ab
725 672 915 708 Hannibale
937 672 1025 707 fama
1041 674 1114 707 erat

61 724 190 760 modico
214 725 250 760 in
278 737 353 760 arce
382 725 545 760 custodiri
573 724 737 770 praesidio.
785 723 827 759 Id
855 737 960 758 unum
989 724 1142 770 pignus5

60 775 237 811 inclinatos
262 776 304 811 ad
329 777 515 811 Romanam
543 776 735 811 societatem
763 775 910 810 omnium
935 775 1112 820 Hispaniae

60 827 260 872 populorum
277 827 402 862 animos
420 827 622 868 morabatur,
639 839 682 862 ne
702 827 863 872 sanguine
880 826 1020 861 liberum
1038 838 1109 861 suo-

59 890 134 913 rum
151 878 251 924 culpa
267 878 463 914 defectionis
483 878 643 913 lueretur.
692 878 743 913 Eo
761 877 893 913 vinculo
910 877 1110 923 Hispaniam
1122 882 1141 911 6

59 930 110 964 vir
136 942 223 965 unus
249 930 376 965 sollerti
403 930 510 976 magis
540 942 639 976 quam
667 929 756 964 fideli
784 929 922 964 consilio
950 929 1109 964 exsolvit:

59 980 193 1016 Abelux
217 989 288 1016 erat
314 982 459 1026 Sagunti
480 981 599 1016 nobilis
622 981 810 1026 Hispanus,
828 980 913 1015 fidus
937 983 1014 1015 ante
1034 980 1111 1015 Poe-
1134 1003 1137 1004 ν

58 1032 120 1074 nis,
151 1035 233 1076 tum,
263 1032 373 1079 qualia
396 1032 591 1078 plerumque
621 1036 700 1067 sunt
725 1032 941 1067 barbarorum
966 1031 1109 1077 ingenia,

58 1095 135 1118 cum
163 1084 299 1119 fortuna
330 1086 520 1118 mutaverat
548 1083 657 1119 fidem.
707 1084 876 1119 Caeterum
900 1082 1141 1129 transfugam?

58 1135 130 1170 sine
153 1148 282 1181 magnae
306 1135 355 1170 rei
383 1135 570 1180 proditione
600 1135 788 1170 venientem
817 1134 859 1169 ad
887 1135 1002 1170 hostes
1026 1134 1110 1169 nihil

57 1187 147 1222 aliud
164 1200 264 1233 quam
285 1200 390 1223 unum
407 1188 472 1223 vile
495 1190 596 1234 atque
618 1187 741 1222 infame
763 1200 883 1233 corpus
906 1200 979 1222 esse
1001 1190 1106 1229 ratus,

55 1239 88 1274 id
107 1239 227 1285 agebat
244 1242 283 1274 ut
301 1251 398 1285 quam
416 1239 598 1273 maximum
620 1239 881 1274 emolumentum
898 1240 992 1274 novis
1010 1239 1108 1274 sociis

55 1294 155 1325 esset.
206 1290 467 1336 Circumspectis
491 1290 597 1336 igitur
613 1290 777 1334 omnibus,
796 1303 869 1337 quae
891 1290 1028 1325 fortuna
1050 1294 1138 1335 ρει-8

55 1341 191 1377 testatis
215 1342 287 1387 ejus
312 1346 446 1388 poterat
469 1341 588 1385 facere,
611 1341 783 1377 obsidibus
807 1342 1018 1387 potissimum
1043 1349 1108 1377 tra-

54 1392 171 1428 dendis
197 1394 343 1428 animum
368 1393 500 1439 adjecit,
524 1406 597 1428 eam
622 1405 723 1428 unam
747 1406 818 1428 rem
843 1394 988 1428 maxime
1012 1397 1107 1429 ratus

53 1445 304 1480 conciliaturam
326 1445 489 1480 Romanis
513 1445 702 1490 principum
718 1445 896 1490 Hispaniae
915 1445 1105 1480 amicitiam.

53 1496 119 1530 Sed
148 1509 252 1541 quum
281 1497 411 1542 injussu
439 1497 590 1531 Bostaris
614 1496 765 1542 praefecti
789 1497 871 1531 satis
896 1496 996 1531 sciret
1025 1497 1137 1531 nihil9

51 1547 217 1582 obsidium
242 1548 400 1583 custodes
424 1547 572 1582 facturos
598 1560 680 1591 esse,
697 1548 875 1583 Bostarem
898 1547 1009 1593 ipsum
1035 1551 1106 1583 arte

51 1598 257 1645 adgreditur.
308 1599 429 1634 Castra
453 1602 549 1634 extra
580 1599 697 1634 urbem
726 1599 761 1634 in
784 1600 858 1645 ipso
886 1599 984 1634 litore
1008 1599 1158 1634 habe-10

50 1650 108 1685 bat
126 1651 258 1692 Bostar,
272 1654 310 1685 ut
324 1650 452 1685 aditum
466 1663 507 1685 ex
520 1663 559 1685 ea
570 1654 664 1696 parte
676 1650 916 1686 intercluderet
930 1651 1103 1686 Romanis.

50 1701 105 1737 Ibi
129 1714 206 1737 eum
230 1702 266 1736 in
290 1705 458 1737 secretum
482 1702 666 1737 abductum
683 1702 775 1737 velut
800 1702 1012 1749 ignorantem
1036 1707 1154 1737 mo-ll

50 1756 117 1797 net,
135 1765 201 1799 quo
218 1756 312 1789 statu
329 1753 373 1789 sit
389 1766 464 1789 res:
499 1756 626 1789 metum
647 1754 854 1790 continuisse
871 1754 912 1789 ad
929 1767 1001 1790 eam
1019 1754 1105 1790 diem
