1298 1921
364 37 455 68 LIB.
478 37 604 68 XXIV.
632 39 765 68 10—13.
1033 38 1094 68 213

46 83 80 106 A.
95 81 122 106 c.
139 80 210 111 214.]

45 114 186 159 triginta
217 112 346 148 dierum
379 112 484 147 coctis
517 111 649 148 cibariis
681 123 784 147 naves
817 110 1094 147 conscenderunt.

45 165 130 200 Tum
162 164 308 210 primum
341 166 394 198 est
432 163 559 198 factum
591 166 630 199 ut
664 163 778 199 classis
812 163 965 198 Romana
997 163 1128 199 sociis8

44 216 216 252 navalibus
234 216 365 260 privata
381 215 531 261 impensa
547 216 673 262 paratis
691 215 925 261 compleretur.

93 268 162 302 Hic
175 267 280 313 major
297 266 394 301 solito
412 270 594 312 apparatus
615 267 783 313 praecipue
800 266 984 302 conterruit
1002 265 1097 301 Cam·
1109 264 1189 306 (12)

44 331 158 366 panos,
175 331 218 354 ne
235 318 276 354 ab
293 317 466 353 obsidione
484 318 610 364 Capuae
627 318 751 354 bellum
769 318 840 364 ejus
859 317 937 352 anni
954 317 1099 352 Romani

45 370 239 416 inciperent.
289 370 411 415 Itaque
436 369 564 415 legatos
583 370 624 405 ad
648 369 873 405 Hannibalem
890 372 1022 404 oratum
1039 369 1099 403 mi·
1112 371 1131 400 2

45 424 161 457 serunt
186 425 225 456 ut
249 421 398 467 Capuam
419 421 606 456 exercitum
632 421 705 456 adm
731 423 846 456 veret:
881 420 923 455 ad
945 433 1016 455 eam
1041 433 1098 465 op-

45 472 260 519 pugnandam
292 484 396 507 novos
430 473 597 507 exercitus
631 472 695 507 scri
763 472 882 507 Romae
909 483 972 507 nec
998 471 1099 506 ullius

45 524 138 560 urbis
171 524 352 559 defectioni
384 524 491 569 magis
526 524 674 558 infensos
707 536 822 558 eorum
855 523 982 558 animos
1015 535 1098 558 esse.

46 576 88 611 ld
105 576 183 622 quia
199 580 269 611 tam
286 575 418 620 trepide
440 575 652 617 nuntiabant,
672 575 907 610 maturandum
929 574 1098 610 Hannibal
1113 580 1131 608 3

45 631 150 669 ratus,
184 639 227 662 ne
267 626 491 672 praevenirent
524 626 678 668 Romani,
713 627 886 672 profectus
923 626 1026 671 Arpis
1059 626 1101 661 ad

46 679 158 714 Tifata
189 679 224 714 in
255 678 426 714 veteribus
458 678 578 713 castris
611 691 711 724 super
745 678 894 724 Capuam
924 677 1098 713 consedit:

46 730 133 773 inde,
152 730 311 765 Numidis
328 729 558 775 Hispanisque
583 729 624 764 ad
641 729 832 775 praesidium
851 729 951 764 simul
976 732 1102 764 castro-

46 795 121 817 rum
153 781 252 817 simul
285 781 409 827 Capuae
442 781 578 823 relictis,
611 793 687 816 cum
720 784 842 816 caetero
875 781 1028 816 exercitu
1060 781 1100 815 ad

46 833 154 868 lacum
177 833 300 868 Averni
318 845 376 879 per
394 832 537 878 speciem
555 832 770 874 sacrificandi,
789 845 825 867 re
842 832 915 878 ipsa
934 835 973 867 ut
995 834 1101 877 temp·

46 887 137 920 taret
169 884 330 920 Puteolos
365 883 520 930 quodque
548 883 596 919 ibi
626 883 774 929 praesidii
806 886 887 926 erat,
918 883 1099 919 descendit.

47 936 231 978 Maximus,
262 939 438 982 postquam
468 935 691 970 Hannibalem
716 935 818 980 Arpis
843 936 1033 980 profectum
1067 937 1136 970 et4

48 987 181 1032 regredi
202 987 237 1022 in
260 987 472 1033 Campaniam
497 986 643 1021 adlatum
670 991 732 1028 est,
755 998 817 1021 nec
841 986 894 1021 die
918 998 980 1021 nec
1003 989 1102 1021 nocte

48 1039 237 1073 intermisso
254 1039 374 1073 itinere
392 1038 433 1073 ἃᾶ
452 1038 639 1073 exercitum
656 1038 755 1082 redit,
773 1043 808 1072 et
825 1037 898 1072 Tib.
914 1037 1102 1072 Gracchum

49 1090 91 1125 ab
116 1091 260 1126 Luceria
287 1091 519 1125 Beneventum
548 1090 658 1136 copias
687 1089 873 1131 admovere,
902 1090 942 1132 Q.
961 1089 1103 1125 Fabium

50 1142 302 1187 praetorem—is
332 1142 419 1177 filius
447 1142 593 1176 consulis
622 1141 918 1177 erat—Luceriam
950 1141 1101 1176 Graccho

51 1193 229 1229 succedere
244 1193 350 1239 jubet.
399 1193 443 1228 In
461 1193 605 1228 Siciliam
628 1193 745 1228 eodem
768 1195 918 1239 tempore
936 1192 1002 1227 duo
1019 1205 1100 1238 prae-
1116 1197 1135 1226 5

50 1248 142 1280 tores
164 1244 316 1291 profecti,
339 1245 378 1280 P.
401 1244 576 1279 Cornelius
599 1244 640 1279 ἃᾶ
664 1244 859 1286 exercitum,
883 1244 920 1279 T.
939 1244 1104 1280 Otacilius

52 1297 110 1343 qui
129 1296 303 1332 maritimae
325 1309 391 1332 orae
413 1296 528 1342 reique
550 1296 658 1331 navali
680 1298 860 1342 praeesset:
888 1301 921 1331 et
942 1296 1054 1331 caeteri
1070 1296 1106 1331 in

52 1360 88 1382 su
95 1361 129 1383 as
148 1349 286 1394 quisque
304 1348 490 1394 provincias
508 1347 669 1393 profecti:
696 1350 730 1382 et
749 1347 870 1393 quibus
886 1350 1106 1393 prorogatum

52 1399 230 1445 imperium
256 1402 340 1443 erat,
364 1398 497 1434 easdem
525 1411 607 1443 quas
633 1398 736 1444 priori
761 1410 847 1433 anno
872 1398 1024 1445 regiones
1049 1398 1106 1434 ob-

51 1451 240 1486 tinuerunt.

99 1502 154 1537 Ad
179 1502 415 1543 Hannibalem,
433 1514 536 1548 quum
559 1501 601 1536 ad
617 1501 726 1536 lacum
742 1500 869 1536 Averni
892 1504 992 1544 esset,
1011 1501 1106 1548 qnin-
1118 1502 1196 1544 (13)

54 1566 118 1600 que
150 1553 278 1589 nobiles
299 1556 441 1599 juvenes
474 1553 515 1588 ab
547 1553 693 1588 Tarento
718 1555 892 1598 venerunt,
917 1553 1039 1599 partim
1065 1553 1106 1589 ad

53 1605 319 1640 Trasumennum
335 1605 443 1640 lacum
459 1604 582 1650 partim
600 1604 641 1639 ad
659 1604 790 1640 Cannas
807 1605 897 1650 capti
914 1604 1107 1652 dimissique

55 1656 170 1691 domos
190 1668 266 1691 cum
291 1655 405 1691 eadem
430 1655 597 1697 comitate,
620 1668 685 1702 qua
707 1668 788 1691 usus
811 1656 970 1691 adversus
992 1668 1107 1691 omnes

55 1708 284 1743 Romanorum
309 1708 414 1743 socios
441 1707 565 1742 Poenus
593 1707 714 1742 fuerat.
765 1708 794 1742 Ii
819 1720 982 1743 memores
1010 1707 1140 1743 bene-2

54 1759 206 1795 ficiorum
228 1759 301 1806 ejus
323 1758 507 1806 perpulisse
529 1770 684 1805 magnam
708 1762 840 1805 partem
862 1772 897 1795 se
915 1760 1109 1805 juventutis
