1298 1921
132 64 195 94 '252
388 63 422 93 T.
442 62 559 92 LlVII
586 62 923 93 HISTORIARUM
1015 106 1049 136 [A
1070 107 1092 130 C
1114 106 1161 130 ⁰1⁰

97 145 118 174 4
178 137 340 172 Consules
365 136 494 172 duabus
517 137 651 172 urbanis
668 136 855 182 legionibus
881 138 1013 183 seriptis
1039 139 1172 184 supple-

129 194 306 234 mentoque
328 188 362 222 in
386 188 465 223 alias
492 188 587 231 lecto,
610 189 802 233 priusquam
825 189 866 223 ab
888 188 968 224 urbe
990 194 1170 231 moverent,

97 247 115 276 5
130 240 280 286 prodigia
304 241 527 284 procurarunt
553 253 625 286 quae
650 240 804 274 nuntiata
832 243 935 274 erant.
984 241 1105 275 Murus
1135 253 1173 275 ae

130 294 236 336 portae
253 291 373 326 Atellae
396 296 429 326 et
447 292 566 326 Ariciae
591 291 691 326 etiam
708 291 729 324 J
732 291 800 325 ovis
823 290 901 326 aedis
926 291 966 326 de
984 292 1066 327 coelo
1082 296 1173 327 tacta

93 346 114 376 6
131 343 274 377 fuerant.
324 343 368 377 Et
385 343 448 377 alia
470 342 612 377 ludibria
635 342 806 377 oculorum
832 343 1025 388 auriumque
1047 343 1172 378 eredita

131 406 192 438 pro
215 394 321 429 veris:
348 395 481 428 navium
503 394 675 439 longarum
702 393 827 438 speeies
850 394 884 428 in
900 394 1034 429 flumine
1057 395 1171 429 Tarra-

130 446 222 487 einae,
242 458 315 492 quae
332 446 429 480 nullae
446 449 551 488 erant,
566 446 654 487 visae,
672 450 705 480 et
723 445 757 479 in
773 445 794 479 J
797 445 867 479 ovis
885 445 1020 480 Vicilini
1037 446 1171 492 templo,

129 497 218 542 quod
235 497 268 531 in
287 497 475 542 Compsano
502 509 581 542 agro
606 501 668 539 est,
686 509 776 530 arma
799 497 1040 541 concrepuisse,
1058 500 1091 531 et
1112 498 1170 531 fiu-

96 547 203 583 7men
229 548 395 583 Amiterni
424 551 598 583 cruentum
628 548 772 582 fluxisse.
822 547 888 582 His
918 548 1101 592 procuratis
1130 561 1171 583 ex

127 599 260 634 decreto
290 599 485 645 pontificum
518 599 661 644 profecti
693 598 855 641 eonsules,
891 599 1104 644 Sempronius
1136 599 1171 633 in

126 650 291 692 Lucanos,
323 651 358 685 in
386 650 542 696 Apuliam
568 650 702 685 Fabius.
752 650 853 684 Pater
881 649 947 684 filio
974 650 1104 695 legatus
1130 650 1171 685 ad

94 705 112 733 8
128 702 318 736 Suessulam
344 702 377 736 in
404 705 513 737 eastra
537 702 638 736 venit.
689 701 803 738 Quum
828 701 958 735 obviam
985 701 1070 736 filius
1095 714 1170 747 pro-

125 753 322 798 grederetur
345 753 544 798 lictoresque
562 752 761 787 verecundia
778 753 962 797 majestatis
983 753 1056 798 ejus
1073 753 1170 787 taciti

125 805 302 846 anteirent,
317 808 439 850 praeter
456 804 608 839 undecim
626 805 732 838 fasces
749 816 834 849 equo
853 808 1038 848 praevectus
1058 816 1168 845 senex,

124 859 163 890 ut
188 856 304 891 consul
329 856 590 891 animadvertere
615 856 802 900 proximum
831 854 982 889 lictorem
1008 855 1109 901 jussit
1135 860 1168 889 et

123 910 163 941 ut
195 907 223 942 is
257 907 471 942 descenderet
505 919 547 942 ex
580 919 674 952 equo,
704 906 904 947 inclamavit,
931 909 1003 940 tum
1037 906 1167 941 demum

124 958 279 994 desiliens
311 960 520 1004 “Experiri''
550 959 658 1005 inquit
689 958 819 1001 “volui,
851 958 907 999 fili,
942 958 1037 993 satin'
1067 959 1168 993 scires

124 1010 294 1045 consulem
311 1012 345 1045 te
363 1011 468 1045 esse.”

29 1058 113 1104 ’(45)
172 1061 214 1096 In
231 1073 269 1096 ea
286 1064 395 1096 eastra
408 1062 532 1096 Dasius
550 1061 697 1096 Altinius
716 1061 862 1107 Arpinus
880 1060 963 1096 elam
980 1063 1076 1095 noete
1094 1072 1169 1095 eum

124 1112 232 1148 tribus
258 1113 361 1148 servis
387 1113 477 1148 venit
501 1113 711 1159 promittens,
730 1113 758 1147 si
775 1112 838 1147 sibi
861 1112 997 1158 praemio
1019 1112 1115 1154 foret,
1133 1124 1168 1146 se

88 1170 107 1198 2
123 1166 231 1210 Arpos
249 1164 458 1210 proditurum
484 1177 567 1200 esse.
616 1165 699 1198 Eam
722 1176 790 1199 rem
809 1163 850 1198 ad
875 1164 1046 1198 eonsilium
1065 1175 1168 1208 quum

121 1215 309 1251 rettulisset
332 1216 465 1258 Fabius,
485 1216 557 1250 aliis
581 1228 640 1261 pro
665 1215 841 1260 transfuga
865 1214 1088 1249 verberandus
1114 1226 1168 1248 ne-

122 1266 314 1312 candusque
337 1267 441 1302 videri
464 1267 617 1312 ancipitis
640 1267 740 1301 animi
765 1266 947 1301 eommunis
974 1266 1089 1306 hostis,
1110 1265 1168 1311 qui

119 1321 197 1363 post
224 1318 432 1353 Cannensem
457 1319 593 1360 cladem,
619 1321 788 1363 tamquam
814 1329 889 1352 cum
912 1317 1047 1351 fortuna
1069 1316 1167 1351 fidem

120 1372 210 1404 stare
235 1373 416 1414 oporteret,
441 1369 482 1404 ad
509 1369 727 1404 Hannibalem
756 1369 916 1403 descisset
941 1368 1167 1413 traxissetque

119 1419 163 1454 ad
180 1420 400 1456 defectionem
418 1422 537 1466 Arpos,
557 1424 639 1462 tum,
660 1421 813 1466 quoniam
837 1432 889 1454 res
915 1420 1068 1454 Romana
1090 1431 1168 1454 eon-

117 1474 171 1505 tra
188 1484 280 1517 spem
294 1475 437 1518 votaque
455 1475 527 1517 ejus
541 1472 632 1507 velut
650 1474 849 1516 resurgeret,
866 1472 999 1516 turpius
1014 1470 1168 1505 videatur

117 1534 236 1557 novam
262 1523 386 1558 referre
414 1523 636 1569 proditionem
661 1522 801 1568 proditis
827 1522 924 1556 olim:
955 1522 1011 1567 qui
1035 1522 1086 1556 vir
1110 1522 1167 1556 aii-

119 1573 206 1608 unde
231 1577 298 1609 stet
322 1586 462 1619 semper,
481 1574 612 1609 aliunde
635 1574 768 1615 sentiat,
787 1573 908 1608 infidus
934 1573 1042 1614 sociis,
1061 1585 1166 1608 vanus

118 1625 293 1660 hostibus:
319 1625 360 1660 ad
383 1625 586 1660 Faleriorum
611 1625 772 1672 Pyrrhive
797 1624 1000 1670 proditorem
1024 1624 1163 1658 tertium

82 1681 102 1710 ·3
116 1677 301 1722 transfugis
319 1676 555 1711 documentum
578 1689 660 1711 esse.
711 1678 834 1711 Contra
850 1688 889 1710 ea
906 1675 1050 1710 consulis
1068 1678 1165 1720 pater

116 1727 239 1762 Fabius
257 1733 445 1772 temporum
464 1727 584 1762 oblitos
607 1727 756 1762 homines
774 1728 808 1761 in
826 1726 932 1762 medio
950 1726 1066 1761 ardore
1085 1725 1162 1760 belli

113 1784 285 1827 ’tamquam
302 1779 336 1814 in
354 1791 434 1825 paee
450 1779 553 1814 libera
571 1778 611 1814 de
627 1791 758 1824 quoque
775 1778 911 1814 arbitria
927 1790 1025 1823 agere
1042 1777 1161 1820 aiebat,
