1298 1921
401 27 488 58 LIB.
514 27 634 58 XXII.
660 28 710 65 19,
726 29 779 58 20.
1081 28 1123 58 89

67 67 421 147 feriamiiiipediuntur,
455 101 678 147 trepidatione
716 103 897 136 nautarum
933 112 1051 146 capere
1084 104 1119 136 et

66 155 181 197 aptare
205 165 297 187 arma.
317 153 412 188 miles
437 153 644 199 prohibetur.
692 153 739 188 Et
760 152 829 198 jam
856 153 1028 187 Romanus
1049 159 1149 189 nono

65 203 354 249 adpropinquabat
380 204 477 239 modo
507 203 566 239 scd
595 203 762 239 direxerat
787 203 889 238 etiam
912 204 946 237 in
968 215 1114 249 pugnam

65 265 176 289 naves.
214 255 335 301 Itaque
349 267 416 290 non
433 255 472 291 ab
490 255 587 290 hoste
604 258 638 290 et
652 255 767 300 proelio
785 254 890 300 magis
904 254 1000 289 Poem·
1017 266 1115 300 quam
1130 258 1169 288 10

65 308 195 340 suomet
212 305 274 350 ipsi
291 306 442 341 tumultu
466 306 596 342 turbati
620 308 654 341 et
680 308 847 351 temptata
863 305 974 340 verius
999 317 1117 350 pugna

65 368 163 401 quam
180 357 264 391 inita
280 357 315 392 in
339 357 453 403 fugam
479 360 674 393 averterunt
699 357 859 392 classem:
886 359 920 391 et
938 368 1041 401 quum
1059 356 1116 391 ad-

63 408 150 443 versi
164 409 270 443 amnis
289 421 326 444 os
343 409 411 444 lato
429 410 552 454 agmini
570 422 608 444 ac
621 412 690 444 tam
708 409 823 443 multis
841 408 941 443 simul
952 408 1116 443 venienti-

63 458 125 494 bus
142 459 231 494 haud
248 472 327 495 sane
338 460 493 496 intrabile
516 464 615 503 esset,
632 461 666 495 in
683 460 764 495 litus
782 460 906 506 passim
923 471 1024 494 naves
1038 472 1115 505 ege-

61 513 151 552 runt,
182 514 283 556 atque
308 511 363 546 alii
389 511 480 546 vadis
509 512 564 546 alii
593 512 680 546 sicco
709 511 807 546 litore
832 510 967 556 excepti
991 511 1113 556 partim

61 562 181 596 armati
203 563 323 608 partim
350 563 493 598 inermes
518 563 559 597 ad
586 563 787 597 instructam
816 575 876 608 per
902 562 984 597 litus
1008 562 1112 597 aciem

61 624 197 647 suorum
215 613 402 660 perfugere.
455 615 540 649 Duae
557 618 670 648 tamen
695 614 801 659 primo
824 625 989 648 concursu
1005 617 1110 659 captae
1124 617 1159 647 ll

59 667 155 698 erant
187 664 323 699 Punicae
355 677 466 706 naves,
503 669 664 710 quattuor
696 677 892 710 suppressae.
954 663 1208 706 Romani‚(20)

59 727 260 761 quamquam
284 718 375 750 terra
399 716 547 750 hostium
573 719 644 751 erat
670 720 897 761 armatamque
915 716 1020 752 aciem
1037 718 1110 751 toto

59 769 255 810 praetentam
280 766 315 801 in
338 767 437 802 litore
466 767 658 810 cernebant,
687 767 777 802 haud
802 771 1000 803 cunctanter
1026 767 1111 803 inse-

58 818 155 861 quuti
178 817 342 863 trepidam
368 819 515 853 hostium
533 819 671 854 classem
690 832 792 854 naves
810 831 935 861 omnes,
955 831 1028 865 quae
1044 832 1113 855 non

57 871 117 903 aut
140 869 373 915 perfregerant
402 882 519 915 proras
544 870 635 905 litori
659 870 762 906 illisas
793 874 851 905 aut
878 871 1006 906 carinas
1031 871 1107 906 fixe-

56 922 133 954 rant
154 919 259 962 vadis,
283 921 440 967 religatas
463 921 635 967 puppibus
658 921 693 956 in
722 923 827 956 altum
856 925 1045 965 extraxere,
1070 922 1112 957 ad

57 971 203 1017 quinque
223 975 257 1006 et
274 972 394 1017 viginti
419 985 520 1008 naves
547 985 591 1008 ex
616 973 839 1019 qnadraginta
863 985 992 1019 cepere.
1041 973 1142 1009 Ne-2

56 1034 121 1068 que
160 1022 195 1058 id
233 1023 495 1069 pulcherrimum
531 1026 605 1069 ejus
640 1025 789 1060 victoriae
825 1025 892 1060 fuit
926 1025 985 1060 sed
1022 1026 1112 1071 quod

55 1086 123 1108 una
146 1074 212 1109 levi
234 1087 347 1121 pugna
369 1077 443 1110 toto
465 1077 539 1120 ejus
566 1088 633 1110 orae
655 1076 738 1111 mari
762 1076 861 1122 potiti
883 1081 989 1112 erant.
1038 1076 1141 1116 Ita-3

56 1138 120 1171 que
137 1125 179 1160 ad
201 1125 352 1161 Onusam
372 1126 476 1162 classe
502 1127 653 1173 provecti
677 1128 892 1163 exscensione
910 1128 950 1163 ab
968 1127 1108 1163 navibus

54 1176 89 1210 in
106 1180 230 1212 terram
258 1177 347 1212 facta
375 1190 479 1223 quum
507 1177 625 1213 urbem
654 1179 688 1214 vi
716 1179 884 1224 cepissent
909 1182 1108 1225 captamque

54 1227 280 1274 diripuissent,
306 1229 545 1275 Carthaginem
573 1229 651 1264 inde
684 1234 816 1275 petunt,
852 1233 952 1276 atque
977 1242 1110 1265 omnem

55 1291 173 1324 agrum
190 1280 278 1315 circa
294 1279 489 1326 depopulati
511 1284 680 1326 postremo
697 1284 789 1317 tecta
809 1294 942 1328 quoque
959 1281 1110 1327 injuncta

54 1343 150 1365 muro
179 1331 353 1377 portisque
382 1332 612 1367 incenderunt.
662 1332 747 1368 Inde
769 1333 837 1379 jam
862 1333 973 1379 praeda
997 1333 1143 1380 gravis4

53 1381 95 1416 ad
121 1381 369 1428 Longunticam
394 1384 547 1429 pervenit
573 1383 698 1426 classis,
716 1383 773 1419 ubi
796 1384 846 1419 vis
869 1396 990 1430 magna
1015 1397 1108 1430 spar-

52 1433 80 1468 ti
105 1432 147 1468 ad
179 1445 250 1468 rem
281 1434 451 1469 nauticam
479 1438 641 1480 congesta
673 1435 714 1470 ab
747 1435 985 1471 Hasdrubale:
1020 1435 1107 1481 quod

52 1484 135 1519 satis
159 1485 195 1520 in
222 1497 319 1520 usum
351 1485 417 1520 fuit
450 1486 582 1521 sublato
615 1489 774 1521 caeterum
806 1499 904 1522 omne
936 1487 1109 1522 incensum

51 1538 114 1570 cst.
165 1535 239 1571 Nec
263 1536 298 1571 in
322 1537 527 1572 continentis
555 1537 655 1572 modo
688 1539 854 1583 projectas
883 1550 958 1573 oras
989 1538 1048 1574 sed
1075 1539 1142 1577 in5

50 1586 202 1622 Ebusum
237 1587 381 1622 insulam
415 1588 661 1624 transmissum.
720 1589 791 1624 Ubi
822 1589 914 1631 urbe,
948 1602 1023 1635 quae
1057 1596 1142 1625 ca-6

51 1640 115 1682 put
139 1638 258 1674 insulae
275 1642 338 1682 est,
356 1638 493 1674 biduum
518 1639 741 1685 nequicquam
762 1652 892 1675 summo
915 1640 1028 1676 labore
1053 1652 1112 1686 op-

50 1693 210 1735 pugnata,
233 1690 293 1726 ubi
316 1690 352 1725 in
376 1703 470 1737 spem
492 1691 622 1726 irritam
643 1691 771 1727 frustra
792 1693 855 1728 teri
881 1696 1015 1738 tempus
1040 1693 1111 1727 ani-

49 1740 262 1777 madversum
294 1745 358 1786 est,
387 1741 429 1778 ad
460 1743 712 1789 populationem
745 1744 818 1790 agri
847 1744 936 1780 versi
968 1743 1109 1791 direptis
