1298 1921
407 25 496 55 Lm.
521 25 637 56 xxn.
665 27 715 64 15,
732 27 780 57 16.
1068 29 1108 58 85

56 67 217 102 A.0.21⁷.]

56 101 276 138 circumventi
307 101 527 138 occiduntur:
561 102 675 138 caeteri
707 102 813 137 effuso
852 113 969 137 rursus
1006 113 1109 138 cursu

56 153 154 189 Cales
171 153 324 200 primum,
341 153 419 189 inde
442 165 544 200 prope
562 153 661 189 inviis
687 153 825 189 callibus
849 153 892 188 ad
908 152 1108 189 dictatorem

0 241 1 244 Ἴ
55 205 289 251 perfugerunt.

102 256 154 291 Eo
176 255 264 290 forte
287 254 340 291 die
356 255 529 292 Minucius
553 268 588 291 se
612 257 835 302 conjunxerat
858 254 962 290 Fabio
985 254 1107 290 missus
1121 261 1140 292 6

56 305 99 341 ad
122 305 321 341 firmandum
346 306 500 352 praesidio
529 307 661 349 saltum,
689 307 746 353 qui
770 318 871 352 super
894 306 1109 341 Tarracinam

55 357 92 392 in
113 360 204 392 artas
227 360 364 392 coactus
390 358 503 394 fauces
525 358 678 393 imminet
703 358 796 400 mari,
818 369 860 392 ne
883 356 924 392 ab
951 357 1109 392 Sinuessa

55 409 181 444 Poenus
210 408 328 454 Appiae
360 408 466 445 limite
499 409 671 455 pervenire
703 409 738 444 in
771 421 889 454 agrum
916 408 1108 443 Romanum

55 462 180 505 posset.
236 459 434 505 Conjunctis
468 460 670 496 exercitibus
703 459 848 495 dictator
876 471 914 494 ae
946 459 1141 505 magister7

55 511 208 557 equitum
232 514 344 546 castra
368 511 403 546 in
429 511 518 546 viam
547 510 713 555 deferunt,
741 523 807 557 qua
830 510 1002 546 Hannibal
1030 510 1107 545 duc-

56 564 154 597 turus
171 564 254 597 erat.
303 562 381 597 Duo
404 562 482 597 inde
504 562 607 597 millia
627 563 743 597 hostes
767 562 915 597 aberant.
964 561 1106 597 Postero
1120 555 1201 597 (16)

55 612 109 648 die
126 613 223 648 Poeni
248 612 338 658 quod
355 614 416 649 viae
433 613 522 648 inter
542 613 621 649 bina
637 616 747 649 castra
769 616 841 649 erat
864 613 996 659 agmine
1021 625 1106 648 com-

56 664 199 709 plevere.
250 664 362 706 Quum
387 665 529 700 Romani
559 665 621 700 sub
649 665 722 710 ipso
756 665 988 700 constitissent
1020 664 1139 700 vallo2

55 715 146 750 haud
167 715 266 751 dubie
287 715 432 762 aequiore
456 715 539 759 loco,
560 717 721 752 successit
743 719 856 751 tamen
880 716 1006 751 Poenus
1030 728 1107 751 cum

55 766 219 812 expeditis
237 767 416 813 equitibus,
436 770 537 814 atque
560 767 602 802 ad
619 767 848 803 lacessendum
865 767 997 802 hostem
1014 780 1108 813 carp-

55 818 117 853 tim
135 818 230 853 Poeni
247 821 281 853 et
297 819 526 862 procursando
542 819 799 865 recipiendoque
813 831 886 854 sese
903 831 1106 864 pugnavere.

55 869 200 904 Restitit
229 882 290 904 suo
314 869 387 905 loco
412 870 565 906 Romana
589 871 698 906 acies:
737 871 828 906 lenta
859 883 974 916 pugna
1002 873 1037 906 et
1066 881 1138 910 ex3

55 920 229 956 dictatoris
255 921 360 967 magis
385 934 484 967 quam
510 922 709 957 Hannibalis
735 922 800 957 fuit
823 922 1023 958 voluntate:
1049 921 1107 956 du-

55 972 145 1007 centi
178 972 218 1007 ab
251 972 423 1016 Romanis,
448 974 635 1019 octingenti
666 974 814 1009 hostium
840 973 999 1009 cecidere.
1048 973 1139 1009 ΙΙΙ-4

33 1023 168 1061 lelusus
210 1023 287 1059 inde
328 1023 433 1059 videri
465 1024 638 1060 Hannibal
670 1025 724 1060 via
756 1025 798 1060 ad
831 1025 1015 1060 Casilinum
1048 1025 1107 1060 ob-

55 1087 156 1117 sessa,
174 1087 278 1120 quum
298 1075 414 1120 Capua
430 1078 464 1110 et
484 1076 655 1110 Samnium
672 1080 706 1111 et
723 1079 856 1111 tantum
877 1076 918 1111 ab
943 1079 1040 1122 tergo
1058 1076 1107 1111 di-

54 1126 163 1160 vitum
189 1126 354 1161 sociorum
379 1126 541 1162 Romanis
567 1130 773 1162 commeatus
799 1128 1009 1169 subveheret,
1031 1128 1108 1162 Poe-

53 1189 118 1212 nus
147 1177 236 1212 inter
255 1177 434 1212 Formiana
456 1190 538 1212 saxa
554 1190 592 1213 ac
609 1178 766 1214 Liternas
785 1191 900 1214 arenas
919 1184 1106 1224 stagnaque

53 1227 249 1272 perhorrida
272 1228 341 1263 situ
369 1228 606 1264 hibernaturus
633 1232 731 1265 esset.
780 1230 855 1265 Nec
881 1230 1103 1265 Hannibalem
1119 1237 1137 1266 5

53 1279 172 1314 fefellit
189 1279 258 1314 suis
276 1292 312 1315 se
329 1280 457 1315 artibus
474 1281 544 1325 peti
559 1296 566 1315 ε
592 1281 706 1327 itaque
723 1293 827 1326 quum
844 1294 903 1327 per
921 1281 1104 1316 Casilinum

53 1330 194 1365 evadere
210 1342 275 1365 non
299 1334 413 1376 posset
438 1331 639 1377 petendique
664 1336 794 1367 montes
821 1337 854 1367 et
869 1333 989 1378 jugum
1007 1333 1107 1367 Calli-

53 1381 136 1417 culae
154 1381 379 1427 superandum
402 1386 501 1424 esset,
519 1383 638 1418 necubi
656 1383 830 1418 Romanus
852 1384 1018 1419 inclusum
1040 1384 1106 1418 val-

53 1432 141 1467 libus
165 1444 287 1477 agmen
315 1433 566 1479 adgrederetur,
592 1434 773 1469 ludibrium
798 1435 970 1470 oculorum
995 1436 1106 1480 specie

53 1483 204 1518 terribile
229 1483 270 1519 ad
295 1484 528 1520 frustrandum
554 1485 686 1521 hostem
712 1491 919 1521 commentus
942 1486 1106 1533 principio

52 1535 162 1570 noctis
191 1535 308 1570 furtim
337 1535 514 1571 succedere
544 1537 586 1571 ad
615 1541 745 1572 montes
774 1538 905 1573 statuit.
964 1537 1137 1575 Fallacise

53 1586 184 1621 consilii
212 1586 289 1621 talis
318 1591 497 1632 apparatus
527 1588 614 1623 fuit:
651 1589 740 1624 faces
773 1589 921 1635 undique
949 1601 991 1624 ex
1016 1589 1104 1634 agris

53 1637 200 1672 collectae
217 1637 390 1683 fascesque
413 1639 583 1684 virgarum
605 1642 706 1686 atque
728 1640 812 1675 aridi
829 1640 999 1682 sarmenti,
1019 1653 1105 1685 prae-

53 1688 269 1734 liganturque
286 1689 442 1724 cornibus
461 1689 571 1732 boum,
587 1703 670 1736 quos
696 1690 840 1727 domitos
858 1691 1105 1737 indomitosque

53 1739 178 1775 multos
211 1740 300 1775 inter
332 1745 487 1776 caeteram
515 1746 683 1788 agrestem
711 1742 858 1788 praedam
886 1742 1028 1790 agebat:
1062 1743 1103 1777 ad
