1298 1921
198 63 260 93 170
452 61 488 91 T.
507 60 625 91 LIVII
652 60 985 92 HISTORIARUM
1086 101 1122 134 [A
1150 103 1168 127 C
1193 102 1240 127 21ss
1294 80 1295 84 ,

1128 121 1133 127 .
1171 122 1176 127 .
1242 121 1248 127 .
1291 113 1295 137 ,-

195 135 280 170 culis
313 135 582 181 stationibusque
614 134 776 178 adtulere,
809 135 851 170 ad
883 148 975 170 arma
1007 136 1250 170 conclamatum
1278 165 1279 169 ,

195 190 268 221 est:
295 189 334 222 ut
358 187 499 233 quisque
522 199 613 221 arma
637 190 782 231 ceperat,
802 187 873 222 sine
896 187 1033 232 imperio
1055 188 1127 221 sine
1153 187 1249 232 siguo
1292 215 1293 223 1

165 239 409 284 4incompositi
433 237 614 273 inordinati
639 238 673 272 111
699 238 854 283 proelium
879 242 993 272 ruunt.
1045 239 1121 273 Jam
1151 239 1249 283 primi

195 293 435 325 conseruerant
464 302 592 331 manus,
620 302 723 335 quum
753 289 808 324 alii
837 291 1033 324 catervatim
1063 293 1247 331 currerent,
1276 313 1281 320 τ

195 341 251 375 alii
268 353 335 376 non
358 341 437 376 dum
461 353 479 376 e
502 341 621 376 castris
644 341 812 375 exissent:
839 344 951 375 tamen
976 341 1080 386 primo
1104 342 1176 386 ipsa
1194 353 1249 375 au-

196 391 291 426 dacia
315 395 468 427 terruere
493 392 645 427 hostem:
672 391 791 426 deinde
816 392 882 426 rari
906 392 941 426 in
961 392 1129 427 confertos
1152 392 1247 432 illati,

196 455 300 488 quum
324 443 476 489 paucitas
500 456 618 488 parum
638 446 716 478 tuta
732 446 832 485 esset,
851 444 1015 488 respicere
1039 443 1094 477 alii
1115 443 1196 477 alios
1214 446 1248 477 et

195 494 344 540 undique
365 495 454 540 pulsi
478 495 567 530 coire
593 495 628 529 in
653 494 777 537 orbem,
800 498 834 529 et
860 494 939 529 dum
966 506 1105 540 corpora
1130 507 1249 539 corpo-

195 546 287 580 ribus
306 546 473 592 adplicant
496 558 653 591 armaque
674 546 773 580 armis
786 548 948 591 jungunt,
968 546 1003 580 in
1026 550 1136 580 artum
1159 557 1245 580 com-

196 597 293 642 pulsi,
308 610 410 643 quum
425 597 482 632 vix
498 597 667 632 movendis
685 597 783 632 armis
798 597 879 632 satis
894 597 994 641 spatii
1012 601 1110 638 esset,
1126 609 1248 631 corona

196 649 344 683 hostium
362 648 464 684 cincti
486 648 527 683 ad
544 648 686 683 multum
713 648 778 683 diei
802 648 996 683 caeduntur:
1024 648 1146 694 exigua
1172 660 1248 693 pars

197 700 373 745 cruptione
390 700 480 735 facta
496 700 595 735 silvas
613 712 651 735 ac
675 703 805 735 montes
827 700 934 745 petit:
961 700 1100 745 parique
1122 703 1249 734 terrore

197 754 231 786 ct
255 754 366 786 castra
388 755 467 787 sunt
491 751 624 786 deserta
645 756 679 786 et
702 751 858 786 universa
880 764 962 797 gens
986 754 1121 796 postero
1144 751 1195 785 dic
1214 751 1248 785 in

197 802 401 838 deditionem
418 803 520 838 venit.

166 862 184 890 5
243 856 317 891 Nec
335 856 393 891 diu
415 856 449 891 in
472 858 591 901 pacato
608 855 750 889 mansit:
777 867 853 889 nam
877 855 1018 890 subinde
1044 854 1084 889 ab
1108 854 1250 889 Cartha-

194 907 272 953 gine
295 907 443 942 adlatum
466 910 574 942 estut
597 906 791 942 Hasdrubal
817 907 923 951 primo
942 919 1075 952 quoque
1098 910 1249 950 tempore

194 959 229 993 in
258 959 391 994 Italiam
420 959 605 994 exercitum
635 959 794 993 duceret:
833 970 906 1003 quae
933 957 1071 1003 vulgata
1102 970 1155 992 res
1189 969 1249 1002 per

193 1011 396 1056 Hispaniam
419 1011 565 1045 omnium
589 1011 693 1045 ferme
716 1009 842 1044 animos
860 1009 901 1043 ad
924 1010 1093 1044 Romanos
1116 1009 1248 1043 avertit.

163 1067 182 1097 6
194 1063 315 1108 Itaque
333 1062 528 1097 Hasdrubal
545 1061 716 1106 extemplo
737 1061 867 1095 litteras
886 1060 1125 1106 Carthaginem
1142 1060 1248 1094 mittit

192 1113 354 1155 indicans,
374 1117 501 1159 quanto
519 1113 607 1148 fama
631 1112 848 1158 profectionis
874 1124 943 1146 suae
960 1111 1080 1145 damno
1105 1111 1246 1146 suisset:

192 1165 220 1200 si
247 1177 326 1200 vero
355 1165 432 1201 inde
464 1167 628 1210 pergeret,
657 1164 852 1209 priusquam
882 1163 1049 1198 Hiberum
1077 1163 1247 1205 transiret,

191 1216 421 1251 Romanorum
448 1216 647 1261 Hispaniam
676 1215 770 1250 fore:
804 1227 881 1249 nam
910 1217 1134 1260 praeterquam
1159 1214 1248 1259 quod

190 1280 252 1303 nec
281 1267 473 1314 praesidium
501 1279 563 1302 nec
592 1267 710 1302 ducem
743 1266 881 1301 haberet
915 1278 1013 1311 quem
1042 1266 1246 1310 relinqueret

190 1331 251 1364 pro
269 1331 313 1363 se,
332 1331 389 1354 eos
407 1319 625 1363 imperatores
642 1330 715 1353 esse
732 1317 903 1352 Romanos
927 1316 1048 1362 quibus
1066 1317 1123 1351 vix
1142 1317 1246 1361 arquis

190 1370 317 1406 viribus
348 1371 460 1405 resisti
485 1370 613 1416 possit:
656 1370 778 1415 itaque,
810 1369 837 1403 si
866 1368 934 1403 ulla
963 1368 1136 1413 Hispaniae
1166 1380 1247 1402 cura

191 1426 290 1463 esset,
316 1434 543 1457 successorem
566 1421 629 1456 sibi
654 1433 729 1456 cum
758 1419 864 1454 valido
889 1421 1038 1454 exercitu
1062 1419 1246 1459 mitterent,

192 1473 246 1507 cui
271 1475 310 1508 ut
335 1473 445 1507 omnia
469 1485 629 1518 prospere
654 1471 835 1513 evenirent,
861 1483 928 1505 11011
959 1474 1073 1505 tamen
1105 1470 1244 1504 otiosum

97 1524 393 1569 (28)provinciam
420 1524 502 1558 sorc.
552 1524 611 1558 Eae
635 1523 757 1558 litterae
780 1534 981 1567 quamquam
1006 1521 1111 1566 primo
1135 1521 1247 1555 adino-

191 1574 270 1609 dum
288 1578 464 1610 moverunt
488 1579 651 1616 senatum,
676 1578 798 1616 tamen,
822 1573 900 1619 quia
923 1572 1031 1608 Italiae
1054 1584 1134 1607 cura
1156 1573 1246 1618 prior
1276 1615 1279 1620 ,

191 1627 368 1671 potiorque
386 1630 468 1670 erat,
486 1626 567 1661 nihil
585 1626 625 1660 de
643 1625 855 1660 Hasdrubale
874 1637 980 1670 neque
998 1624 1039 1659 de
1056 1624 1158 1669 copiis
1173 1624 1244 1668 ejus

187 1682 356 1712 mutatum
382 1681 454 1713 est:
499 1677 649 1712 Himilco
674 1689 750 1712 cum
775 1676 929 1711 exercitu
949 1678 1044 1721 justo
1077 1678 1112 1710 et
1145 1678 1244 1710 aucta

185 1729 291 1763 classe
316 1729 358 1763 ad
381 1729 591 1763 retinendam
616 1731 707 1763 terra
730 1728 880 1773 marique
905 1739 943 1762 ac
968 1726 1127 1761 tuendam
1161 1727 1244 1761 His-

1276 1634 1279 1697 !

1276 1703 1279 1757 ἱ

183 1780 317 1826 paniam
334 1783 386 1815 est
403 1780 525 1815 missus
541 1795 548 1814 :
576 1779 643 1825 qni,
662 1782 701 1813 ut
719 1778 892 1824 pedestres
910 1778 1110 1823 navalesque
1127 1778 1241 1823 copias
1276 1786 1279 1827 ξ

1277 1851 1279 1868 l

1277 1886 1280 1910 ι
