1298 1921
122 32 184 63 258
330 32 365 63 Τ.
392 32 481 63 LIV.
508 33 624 65 HIST.
651 34 741 66 LIB.
766 34 894 66 XXIV.
917 35 967 66 49.

1053 105 1059 112 .
1135 86 1173 111 13.

122 117 225 152 millia
241 129 281 153 eo
298 117 414 164 proelio
437 118 609 154 hominum
633 131 719 155 eaesa
738 119 916 156 dicuntur:
944 86 1175 166 Syplilaxcciim

121 169 237 214 paucis
262 169 432 215 equitibus
459 170 494 204 in
520 170 714 206 Maurusios
740 183 782 207 ex
807 171 876 207 acie
902 171 1176 207 Numidas—ex-

121 223 220 255 tremi
238 233 340 267 prope
358 221 529 256 Oceanum
553 222 712 258 adversus
737 223 847 258 Gades
871 222 1174 268 colunt—refugit,

121 271 413 319 adfluentibusque
424 272 466 308 ad
479 273 600 308 famam
615 275 688 318 ejus
699 274 847 321 undique
858 274 1008 310 barbaris
1019 275 1175 320 ingentes

89 323 107 352 5
121 323 214 359 brevi
231 324 342 370 copias
361 324 512 359 armavit.
562 324 649 360 Cum
668 326 789 371 quibus
812 327 1008 372 prinsquam
1034 326 1069 360 in
1093 325 1176 360 His-

120 376 250 422 paniam
279 379 424 422 angusto
453 376 652 422 diremptam
677 378 765 412 freto
790 378 971 424 trajiceret,
994 377 1176 413 Masinissa

119 439 197 463 eum
225 428 352 463 victore
377 428 529 462 exercitu
553 428 699 470 advenit,
728 429 822 475 isque
848 429 892 464 ibi
920 442 995 465 eum
1024 429 1176 475 Syphace

119 479 249 525 ingenti
267 479 374 524 gloria
391 490 449 523 per
466 491 503 514 se
520 479 591 515 sine
608 480 684 515 ullis
703 480 1038 527 Carthaginiensium
1055 479 1174 525 opibus

120 531 226 577 gessit
243 530 376 566 bellum.

88 584 107 615 6
166 583 210 617 In
238 581 405 628 Hispania
429 581 513 617 nihil
542 582 757 618 memorabile
783 585 920 630 gestum
948 584 1176 629 praeterquam

119 633 208 680 quod
227 634 429 669 Celtiberum
441 636 657 679 juventutem
676 635 791 670 eadem
811 635 976 678 mercede,
993 646 1060 680 qua
1078 637 1178 678 pacta

117 698 194 722 eum
213 685 544 731 Carthaginiensibus
562 688 644 728 erat,
664 687 884 732 imperatores
905 686 1051 721 Romani
1076 685 1119 719 ad
1142 696 1177 719 se

117 737 358 784 perduxerunt,
377 741 411 772 et
428 736 653 773 nobilissimos
677 739 852 783 Hispanos
877 750 981 784 supra
1004 740 1177 772 trecentos

117 790 152 824 in
171 790 302 824 ltaliam
328 788 370 824 ad
393 788 620 824 sollicitandos
648 790 836 835 populares,
854 790 911 836 qui
935 790 1025 824 inter
1052 788 1179 823 auxilia

86 841 319 880 7Hannibalis
352 843 458 881 erant,
492 841 667 876 miserunt.
718 841 761 876 Id
795 841 893 876 modo
923 844 998 886 ejus
1034 840 1112 875 anni
1144 840 1178 874 in

117 893 284 938 Hispania
301 892 342 927 ad
364 892 556 926 memoriam
579 892 710 939 insigne
734 896 797 936 est,
819 892 908 938 quod
932 891 1177 927 mercenarium

117 945 257 981 militem
277 944 312 979 in
334 943 454 980 castris
478 944 646 980 neminem
670 946 749 980 ante
768 956 868 991 quam
891 946 967 979 tum
993 943 1178 978 Celtiberos

118 996 264 1033 Romani
280 995 482 1032 habuerunt,

309 1722 431 1741 oxoml:
460 1722 654 1740 Excisrfflnnx'r
673 1723 696 1740 J.
718 1723 746 1741 ¹1.
770 1724 803 1742 ΕΤ
824 1724 845 1741 J.
868 1724 998 1743 PARKZR.
