1298 1921
146 33 206 62 200
397 30 433 60 T.
460 29 577 60 LIVII
602 30 933 61 HIsTORIARUM
1130 73 1143 85 n

117 105 351 142 suadendam.
405 104 550 138 Bruttiis
583 104 617 138 in
649 104 811 150 colloquio
843 105 966 140 nullius
999 74 1063 140 re[iA
1067 73 1187 151 [511in

148 156 228 191 fides
257 160 331 190 est:
366 154 494 199 deinde,
523 160 562 189 ut
591 156 714 190 Poenus
745 157 898 201 apparuit
926 157 961 191 in
989 157 1128 191 collibus
1154 161 1188 192 et

147 207 353 251 refugientes
382 207 480 252 pauci
510 206 605 241 aliam
634 219 763 242 omnem
792 208 1039 243 multitudinem
1068 209 1103 243 in
1133 220 1190 253 po-

147 262 272 294 testate
296 258 443 293 hostium
468 270 540 292 esse
565 258 768 300 adserebant,
793 263 866 293 tum
890 264 984 294 metu
1008 260 1088 294 vieti
1113 271 1190 294 con-

145 305 292 340 sulturos
322 317 357 339 se
385 304 543 350 populum
577 304 838 349 responderunt:
881 305 1105 351 advocataque
1134 317 1190 340 ex-

144 357 269 403 templo
292 357 457 398 concione,
477 369 578 402 quum
596 360 629 391 et
647 356 833 392 levissimus
851 358 990 403 quisque
1007 369 1110 392 novas
1136 369 1188 392 res

144 420 333 454 novamque
367 408 560 442 societatem
594 407 728 442 mallent
762 414 805 450 et,
841 421 981 454 quorum
1014 408 1190 454 propinqui

145 463 240 494 extra
266 458 381 493 urbem
408 459 578 493 interclusi
605 459 646 494 ab
675 459 826 494 hostibus
855 463 961 501 erant,
987 460 1077 494 velut
1105 460 1189 494 obsi-

146 511 242 545 dibus
270 510 357 544 datis
386 510 578 555 pigneratos
605 510 764 545 haberent
794 511 928 553 animos,
959 511 1056 556 pauci
1082 511 1188 555 magis

146 562 242 597 taciti
259 561 439 607 probarent
457 564 664 596 constantem
683 562 779 597 fidem
799 575 896 608 quam
914 562 1086 608 probatam
1103 562 1191 596 tueri

146 613 317 653 auderent,
336 612 424 646 haud
442 612 541 647 dubio
558 613 592 647 in
610 614 751 658 speciem
769 626 932 648 consensu
949 614 986 648 fit
1004 613 1046 648 ad
1070 614 1190 648 Poenos

117 664 280 699 7dediti0.
330 663 370 698 L.
390 664 494 698 Atilio
527 665 683 709 praefecto
717 665 861 710 praesidii
895 665 1018 711 quique
1046 676 1122 699 cum
1151 676 1189 698 eo

144 720 266 755 milites
280 720 424 754 Romani
441 725 535 754 erant
549 720 631 755 elam
649 721 683 755 iu
701 724 832 766 portum
849 721 1000 756 deductis
1015 723 1114 765 atque
1132 720 1190 754 im-

145 772 263 817 positis
298 771 331 805 in
359 783 471 812 naves,
501 774 539 805 ut
569 772 713 817 Regium
744 772 996 813 deveherentur,
1023 771 1190 806 Hamilca-

145 837 214 859 rem
238 824 425 869 Poeuosque
443 836 481 858 ea
498 824 695 866 conditione,
714 828 752 859 ut
776 825 882 860 foedus
904 824 1069 870 extemplo
1087 823 1190 869 aequis

117 875 274 921 Slegibus
299 875 404 915 fieret,
427 875 461 909 in
484 875 597 910 urbem
622 880 830 922 aeceperunt.
881 876 986 921 Cujus
1013 875 1061 910 rei
1087 887 1190 920 prope

145 939 211 961 nou
238 929 368 961 servata
394 926 474 960 fides
500 926 620 961 deditis
639 931 701 968 est,
725 940 827 972 quum
850 927 972 962 Poenus
990 927 1064 961 dolo
1078 926 1191 960 dimis-

145 990 217 1012 sum
245 978 432 1011 Romanum
456 977 633 1019 incusaret,
660 978 843 1012 Locrenses
869 978 1057 1023 profugisse
1082 977 1190 1022 ipsum

116 1033 371 1064 9eausarentur.
437 1029 615 1074 Insequuti
647 1029 746 1063 etiam
779 1029 907 1074 equites
941 1032 1029 1070 sunt,
1065 1028 1093 1064 si
1125 1040 1190 1074 quo

146 1093 224 1116 casu
242 1081 275 1116 in
293 1081 379 1115 freto
397 1084 498 1115 aestus
517 1080 637 1115 morari
654 1085 711 1116 aut
735 1081 864 1116 deferre
889 1094 988 1116 naves
1010 1081 1045 1116 in
1068 1083 1191 1116 terram

99 1135 267 1177 loposset.
316 1133 362 1167 Et
387 1144 442 1167 eos
472 1131 605 1178 quidem
639 1144 720 1177 quos
754 1132 978 1177 sequebantur
1010 1144 1077 1167 non
1110 1137 1190 1166 sunt

147 1184 279 1228 adepti:
306 1183 385 1218 alias
404 1195 422 1217 a
439 1183 598 1218 Messana
614 1183 818 1228 trajicientes
833 1184 918 1218 freto
932 1184 1076 1229 Regium
1090 1194 1191 1218 naves

147 1234 564 1279 conspexerunt—milites
582 1238 676 1268 erant
695 1235 839 1269 Romani
856 1247 875 1269 a
893 1234 1031 1269 Claudio
1050 1238 1192 1280 praetore

146 1285 237 1320 missi
263 1285 303 1320 ad
328 1285 542 1320 obtinendam
566 1285 682 1320 urbem
711 1285 920 1330 praesidio-—,
940 1286 1053 1331 itaque
1083 1286 1191 1331 Regio

97 1337 313 1382 llextemplo
343 1336 534 1371 abscessum
563 1340 625 1371 est.
685 1337 910 1372 Locrensibus
939 1337 1037 1382 jussu
1065 1337 1192 1372 Hanni-

147 1388 228 1423 balis
261 1388 339 1422 data
366 1400 440 1433 pax,
467 1391 505 1422 ut
534 1387 629 1422 liberi
661 1389 730 1422 suis
763 1388 892 1434 legibus
919 1389 1080 1430 viverent,
1111 1388 1191 1423 urbs

146 1442 276 1484 pateret
295 1439 416 1480 Prenis,
435 1441 552 1484 portus
571 1439 606 1473 in
626 1442 826 1484 potestatem
848 1440 1066 1474 Locrensium
1089 1443 1189 1481 esset,

147 1490 288 1524 societas
314 1502 352 1524 eo
372 1493 449 1535 jure
474 1492 579 1524 staret
603 1493 642 1524 ut
666 1490 789 1525 Poenus
818 1490 1020 1526 Locrensem
1048 1490 1192 1525 Locren-

148 1553 267 1586 sesque
285 1541 425 1575 Poenum
444 1553 523 1585 paee
541 1553 578 1575 ac
596 1541 681 1575 bello
694 1544 863 1585 juvarent.

83 1592 141 1634 (2)
197 1593 251 1626 Sic
273 1604 292 1627 a
310 1592 394 1626 freto
417 1591 513 1627 Poeni
535 1591 665 1627 reducti
689 1592 908 1627 frementibus
931 1592 1085 1636 Bruttiis,
1103 1591 1192 1637 quod

149 1643 295 1689 Regium
329 1655 366 1678 ae
397 1643 534 1684 Locros,
567 1656 648 1688 quas
677 1644 775 1678 urbes
805 1643 996 1689 direpturos
1025 1656 1060 1678 se
1089 1643 1191 1677 desti-

119 1703 137 1732 2
149 1697 317 1738 naverunt,
336 1695 476 1729 intactas
495 1695 715 1740 reliquissent.
764 1695 884 1740 Itaque
909 1707 967 1740 per
984 1707 1017 1729 se
1035 1695 1097 1739 ipsi
1114 1706 1190 1728 eon-

149 1746 283 1791 scriptis
309 1746 509 1791 armatisque
527 1747 718 1790 juventutis
742 1758 810 1781 suae
835 1746 1022 1792 quindecim
1044 1745 1189 1780 millibus
