1298 1921
371 39 461 70 LIB.
486 38 612 70 XXIV.
637 39 687 74 34,
705 39 757 68 35.
1026 37 1084 67 241

40 83 265 152 it'ac'gdidiffio
298 114 422 158 habito,
452 114 608 160 quoniam
640 112 747 147 omnis
775 113 916 146 conatus
944 109 1088 146 ludibrio
1105 116 1140 147 11

38 170 137 210 esset,
164 167 325 202 absistere
350 165 600 212 oppugnatione
625 166 729 210 atque
751 163 934 198 obsidendo
954 166 1088 203 tantum

38 231 150 255 arcere
166 223 257 254 terra
273 218 421 263 marique
438 216 678 252 commeatibus
696 216 825 250 hostem
843 213 978 261 placuit.

85 270 226 306 Interim
243 269 426 304 Marcellus
443 281 518 303 cum
536 268 638 303 tertia
654 267 723 302 fere
744 270 840 312 parte
862 266 1029 302 exercitus
1047 265 1087 300 ad
1101 267 1183 314 (35)

38 320 244 367 recipiendas
270 319 370 356 urbes
397 320 581 365 profectus,
612 330 685 365 quae
718 319 754 353 in
785 320 880 352 motu
906 329 1016 352 rerum
1047 316 1089 352 ad

39 371 332 418 Carthaginienses
352 371 554 413 defecerant,
580 369 745 405 Helorum
768 371 868 415 atque
896 368 1089 403 Herbesum

39 423 238 459 dedentibus
256 423 336 469 ipsis
354 422 483 467 recipit,
500 422 642 468 Megara
658 421 692 456 vi
716 426 815 466 capta
839 419 941 456 diruit
959 432 996 454 ac
1013 419 1089 454 diri-

39 475 113 522 puit
130 474 171 509 ad
187 474 390 520 reliquorum
408 485 445 508 ac
458 473 600 508 maxime
615 473 896 517 Syracusanorum
915 474 1087 506 terrorem.

38 526 105 562 Per
121 525 208 560 idem
225 525 294 560 fere
319 528 454 570 tempus
477 527 511 559 et
536 523 695 565 Himilco,
716 523 773 569 qui
790 522 831 557 ad
849 522 997 568 Pachyni
1017 534 1088 567 pro·
1104 529 1122 558 2

38 577 241 612 montorium
258 576 396 612 classem
414 575 471 610 diu
491 578 656 616 tenuerat,
676 574 718 609 ad
740 573 940 609 Heracleam
951 586 1088 619 —quam

38 631 160 663 vocant
177 627 522 673 Minoam—quinque
540 630 574 661 et
597 625 718 672 viginti
737 625 840 660 millia
856 624 1006 670 peditum
1024 625 1090 659 tria

39 680 190 726 equitum
207 678 380 714 duodecim
394 678 589 723 elephantos
606 676 771 723 exposuit,
786 688 994 721 nequaquam
1013 688 1090 712 eum

39 731 173 776 quantis
206 730 308 775 copiis
341 732 418 764 ante
451 730 607 764 tenuerat
640 728 682 763 ad
714 728 908 773 Pachynum
938 727 1088 763 classem.

39 782 96 824 Et,
115 784 292 827 postquam
308 780 349 816 ab
367 781 579 826 Hippocrate
602 785 773 825 occupatae
791 780 965 825 Syracusae
982 783 1087 819 erant,
1105 787 1122 816 3

39 833 211 878 profectus
245 832 482 879 Carthaginem
516 831 719 878 adjutusque
751 830 798 865 ibi
829 834 864 865 et
897 830 937 865 ab
970 830 1090 876 legatis

40 884 259 929 Hippocratis
284 887 319 918 et
341 883 464 918 fitteris
489 882 698 923 Hannibalis,
722 882 780 928 qui
801 882 933 917 venisse
957 884 1090 927 tempus

41 935 150 970 aiebat
178 934 299 970 Siciliae
327 947 388 980 per
412 947 579 970 summum
607 934 708 969 decus
734 933 933 979 repetendae,
959 936 996 968 et
1020 933 1091 978 ipse

40 986 131 1021 haud
147 998 252 1021 vanus
269 998 415 1032 praesens
432 986 578 1021 monitor
602 985 698 1021 facile
714 984 915 1031 perpulerat,
932 987 971 1019 ut
988 997 1092 1030 quan-

41 1041 85 1073 tae.
101 1038 243 1073 maxime
265 1040 402 1082 possent
424 1037 575 1083 peditum
597 1037 815 1083 equitumque
839 1036 943 1082 copiae
960 1037 994 1070 in
1012 1036 1093 1071 Siei-

42 1089 119 1125 liam
136 1090 383 1135 trajicerentur.
431 1088 623 1124 Adveniens
637 1088 846 1130 Heracleam,
864 1088 953 1123 intra
970 1100 1092 1132 paucos
1109 1097 1129 1124 4

41 1140 118 1176 inde
144 1140 214 1176 dies
240 1140 465 1187 Agn‘gentum
489 1140 637 1186 recepit:
664 1140 870 1185 aliarumque
894 1139 1091 1180 civitatium,

42 1204 116 1238 quae
138 1193 244 1237 partis
270 1192 596 1239 Carthaginiensium
621 1197 727 1234 erant,
747 1192 827 1227 adeo
851 1203 996 1226 accensae
1015 1194 1093 1225 sunt

42 1255 120 1289 spes
143 1243 184 1278 ad
204 1243 373 1289 pellendos
398 1243 510 1279 Sicilia
533 1245 710 1285 Romanos,
736 1248 774 1278 ut
798 1248 970 1288 postremo
993 1242 1094 1277 etiam

43 1295 100 1341 qui
132 1295 371 1330 obsidebantur
404 1296 578 1342 Syracusis
613 1295 740 1330 animos
773 1294 983 1329 sustulerint.
1048 1293 1093 1328 Et
1108 1302 1127 1333 5

42 1349 138 1392 parte
155 1347 324 1392 copiarum
341 1347 424 1382 satis
449 1346 583 1384 defendi
605 1347 722 1382 urbem
746 1358 844 1391 posse
860 1345 927 1380 rati
943 1345 992 1380 ita
1006 1345 1095 1380 inter

43 1410 79 1433 se
111 1410 251 1432 munera
281 1397 360 1433 belli
391 1398 508 1444 partiti
541 1401 630 1440 sunt,
666 1401 704 1432 ut
737 1396 905 1443 Epicydes
937 1400 1096 1442 praeesset

43 1449 204 1484 custodiae
221 1449 325 1491 urbis,
352 1449 580 1496 Hippocrates
603 1449 788 1484 Himilconi
813 1449 1013 1494 conjunctus
1031 1447 1096 1487 bel-

43 1499 111 1535 lum
129 1500 288 1536 adversus
306 1501 475 1536 consulem
497 1501 688 1536 Romanum
706 1503 838 1547 gereret
855 1516 861 1535 z
889 1512 965 1535 cum
983 1499 1095 1534 decern

43 1552 192 1587 millibus
218 1552 369 1598 peditum
393 1553 588 1599 quingentis
606 1553 776 1598 equitibus
797 1554 896 1587 nocte
918 1564 978 1597 per
995 1551 1095 1586 inter-

44 1603 146 1639 missa
177 1603 339 1639 custodiis
378 1603 452 1639 loca
485 1604 658 1649 profectus
691 1607 807 1648 castra
835 1604 923 1638 circa
954 1603 1097 1637 Acrillas

43 1655 161 1690 urbem
177 1655 335 1701 ponebat.
385 1655 618 1691 Munientibus
645 1656 840 1701 supervenit
857 1654 1039 1690 Marcellus
1057 1654 1097 1688 ab
1111 1658 1129 1687 6

45 1707 232 1753 Agrigento
259 1707 327 1753 jam
356 1711 529 1753 occupato,
561 1720 662 1753 quum
692 1708 819 1742 frustra
847 1719 886 1741 eo
915 1706 1097 1751 praevenirc

45 1757 175 1794 hostem
193 1758 356 1793 festinans
379 1758 590 1801 tetendisset,
612 1758 753 1799 rediens,
772 1758 854 1793 nihil
878 1758 987 1792 minus
1006 1753 1100 1792 ratus*

95 1824 151 1842 mv.
168 1825 238 1843 21:11.
253 1825 275 1844 u
558 1822 581 1844 R
