1298 1921
172 26 212 55 86
425 26 462 56 T.
486 25 605 55 LIVII
633 26 968 57 HISTORIARUM
1058 67 1095 101 [A
1119 69 1139 93 c
1162 68 1209 93 ⁹¹7

170 98 236 133 duo
262 99 365 134 miHIa
396 99 499 134 ferme
525 99 627 134 boum
653 100 781 144 effecta,
815 100 1087 145 Hasdrubalique
1119 114 1221 147 nego-

169 150 254 184 tium
272 149 388 185 datum
408 153 447 185 ut
470 151 584 196 primis
607 151 754 186 tenebris
779 153 888 186 noetis
912 151 946 187 id
964 155 1150 187 armentum
1168 165 1221 188 ac-

169 201 276 236 censis
302 201 457 236 cornibus
487 202 528 236 ad
556 206 686 237 montes
713 207 837 249 ageret,
863 203 1014 245 nmium,
1042 204 1070 238 si
1094 207 1218 248 posset,

80 247 158 288 (17)
170 264 269 298 super
286 252 390 287 saltus
408 253 449 287 ab
469 253 563 288 hoste
580 253 735 288 insessos.
784 254 906 289 Primis
924 254 1070 289 tenebris
1088 255 1220 289 silentio

168 306 260 338 mota
283 309 404 345 castra,
422 304 523 339 boves
549 304 719 350 aliquanto
740 310 818 339 ante
840 305 937 351 signa
959 305 1034 340 aeti.
1085 305 1155 340 Ubi
1179 305 1221 340 ad

167 354 295 390 radices
318 355 483 390 montium
506 355 642 401 viasque
663 358 823 402 angustas
845 359 983 391 ventum
1008 359 1068 397 est,
1088 357 1221 402 signum

168 406 336 452 extemplo
365 406 464 440 datur
491 409 531 441 ut
560 407 706 442 accensis
736 407 891 442 cornibus
921 411 1070 442 armenta
1101 407 1136 442 in
1164 407 1221 442 ad-

137 460 282 492 2versos
308 458 518 492 concitentur
542 461 684 493 montes.
734 458 781 492 Et
805 461 915 493 metus
940 459 1012 502 ipse
1041 458 1220 494 relucentis

168 508 308 544 fiammae
334 521 354 543 a
379 509 488 554 eapite
521 509 676 555 calorque
704 512 778 555 jam
806 509 847 544 ad
876 509 989 544 vivum
1015 509 1057 544 ad
1088 510 1220 556 imaque

167 571 331 594 cornuum
346 559 523 595 adveniens
537 561 629 595 velut
647 561 836 595 stimulatos
850 561 962 596 furore
976 560 1096 605 agebat
1109 561 1220 596 boves.

169 611 247 648 Quo
273 615 411 657 repente
438 612 591 659 discursu
614 612 703 647 haud
729 624 825 647 secus
855 625 954 658 quam
979 612 1070 647 silvis
1099 613 1221 648 monti-

166 661 296 708 busque
329 663 476 698 accensis
508 663 619 697 omnia
647 664 772 699 circum
796 664 945 709 virgulta
977 663 1104 707 ardere,
1130 664 1220 709 eapi-

165 716 305 759 tumque
338 714 432 749 irrita
465 715 633 760 quassatio
663 716 815 750 excitans
848 716 1014 749 flammam
1047 715 1219 750 hominum

134 771 152 800 3
167 766 289 810 passim
307 765 565 801 discurrentium
583 767 728 811 speciem
750 767 929 812 praebebat.
965 767 1034 805 Qui
1053 767 1093 801 ad
1111 775 1219 802 trans-

164 816 250 851 itum
283 817 389 851 saltus
422 817 635 852 insidendum
668 818 769 853 locati
799 821 905 859 erant,
931 817 988 852 ubi
1017 818 1052 852 in
1080 819 1218 853 summis

165 868 335 903 montibus
362 881 399 903 ae
424 882 524 914 super
547 882 582 904 se
607 869 767 914 quosdam
796 870 892 914 ignes
916 881 1131 914 conspexere,
1158 870 1218 905 cir-

165 923 361 954 cumventos
379 933 414 955 se
432 932 504 955 esse
520 920 586 955 rati
603 921 757 965 praesidio
780 933 972 955 excessere:
999 933 1064 965 qua
1085 921 1220 956 minime

164 970 277 1005 densro
294 971 460 1006 micabant
478 972 628 1013 flammae,
648 971 739 1006 velut
757 972 965 1006 tutissimum
982 971 1047 1006 iter
1066 976 1217 1017 petente-s

163 1034 294 1056 summa
310 1023 472 1057 montium
489 1023 581 1068 juga,
601 1026 713 1057 tamen
736 1023 770 1057 in
788 1022 948 1068 quosdam
971 1022 1072 1057 boves
1090 1023 1217 1068 palatos

163 1086 182 1108 a
214 1074 283 1108 suis
313 1074 472 1120 gregibus
505 1073 718 1108 inciderunt:
761 1076 795 1108 et
825 1074 933 1118 primo
966 1086 1070 1118 quum
1103 1075 1217 1119 procul

161 1128 347 1167 cernerent,
367 1125 472 1160 veluti
495 1125 643 1159 flammas
670 1125 868 1170 spirantium
892 1125 1051 1159 miraculo
1075 1125 1217 1160 adtoniti

160 1176 396 1218 constiterunt,
432 1176 560 1218 deinde,
591 1179 630 1211 ut
659 1177 805 1210 hnmana
831 1177 986 1222 apparuit
1015 1176 1116 1218 fraus,
1143 1180 1216 1211 tum

159 1239 238 1262 vero
263 1228 399 1262 insidias
423 1228 486 1262 rati
512 1240 594 1269 esse,
614 1240 718 1272 quum
736 1230 860 1272 majore
878 1232 970 1262 metu
988 1228 1159 1262 concitant
1178 1241 1214 1263 se

159 1278 194 1313 in
227 1279 351 1325 fugam,
382 1279 448 1313 levi
478 1291 610 1324 quoqne
644 1282 821 1314 armaturae
855 1279 1001 1313 hostium
1035 1279 1214 1314 incurrere.

127 1330 331 1365 4Cseterum
357 1342 423 1364 nox
453 1333 583 1376 aeqnato
613 1330 733 1364 timore
762 1335 900 1365 neutros
926 1342 1072 1375 pugnam
1098 1330 1216 1375 incipi-

160 1385 254 1416 entes
273 1381 314 1416 ad
338 1382 443 1416 lucem
470 1382 602 1416 tenuit:
630 1381 718 1415 inter
735 1394 774 1416 ea
796 1384 869 1415 toto
893 1382 1024 1426 agmine
1042 1381 1215 1416 Hannibal

160 1433 358 1467 transducto
384 1445 443 1478 per
464 1433 585 1467 saltum
604 1436 637 1467 et
656 1432 853 1477 quibusdam
877 1432 911 1466 in
934 1433 1007 1477 ipso
1030 1432 1119 1467 saltu
1136 1432 1213 1467 hos-

160 1484 243 1518 tium
263 1485 432 1530 oppressis
450 1484 483 1518 in
501 1496 580 1530 agro
599 1483 745 1518 Allifano
766 1484 876 1528 posuit
895 1487 1015 1518 castra.

71 1535 147 1575 (18)
206 1537 309 1571 Hune
334 1537 516 1571 tuinultum
543 1537 648 1571 sensit
672 1537 814 1571 Fabius:
842 1540 1000 1570 caeterum
1026 1538 1060 1570 et
1077 1536 1214 1570 insidias

158 1601 230 1623 esse
255 1592 348 1623 ratus
374 1592 408 1623 et
434 1588 474 1623 ab
499 1592 665 1623 nocturno
688 1589 805 1634 utique
828 1588 1008 1622 abhorrens
1033 1589 1214 1622 certamine

124 1641 142 1669 ‘2
157 1653 234 1674 suos
252 1640 466 1675 munimentis
486 1640 604 1673 tenuit.
656 1640 748 1674 Luce
772 1640 879 1684 prima
904 1639 965 1673 snb
980 1641 1064 1683 jugo
1087 1640 1211 1673 montis

155 1691 309 1735 proelium
328 1692 402 1732 fuit,
423 1703 487 1736 qno
506 1691 719 1725 interclusam
741 1690 780 1725 ab
799 1691 868 1725 suis
886 1690 990 1724 levem
1010 1695 1213 1724 armaturam

153 1743 329 1778 facile—et
343 1743 430 1778 enim
442 1753 580 1776 numero
593 1742 800 1787 aliquantum
814 1741 1211 1787 praestabant—Romani
