1298 1921
190 34 231 63 50
445 29 481 60 Τ.
506 28 625 59 LIVII
652 23 984 58 HISTORIARUM
1075 62 1111 95 [A
1137 63 1156 86 C
1180 61 1226 85 ‘³18

190 118 252 142 rex
277 105 327 140 M.
346 103 482 139 AEmilio
509 103 654 148 praetori‚
683 104 778 146 cujus
812 99 924 134 Sicilia
956 96 1126 142 provincia
1157 97 1239 134 erat,

192 156 390 202 praescribit,
414 157 593 200 monetque
618 156 656 188 ut
681 152 863 198 Lilybaeum
888 150 981 184 firmo
1006 149 1136 182 teneret
1160 158 1242 190 prae-

163 208 288 244 esidjo.
337 205 518 251 Extemplo
543 208 577 240 et
599 205 687 240 circa
708 206 883 249 praetorem
909 199 948 234 ad
975 199 1126 234 civitates
1151 195 1244 230 missi

193 259 298 305 legati
314 257 527 302 tribunique:
555 267 632 290 suos
651 255 692 289 ad
712 266 824 289 euram
842 251 1004 287 custodiae
1022 247 1243 288 intenderent,

194 314 274 346 ante
298 309 408 344 omnia
432 307 619 353 Lilybaeum
646 306 763 347 teneri,
790 303 831 339 ad
855 305 1008 349 paratum
1033 299 1112 335 belli
1137 298 1246 333 edicto

193 361 368 408 proposito
388 362 429 394 ut
454 359 536 394 socii
556 357 688 393 navales
715 357 827 391 decem
854 355 981 389 dierum
1006 355 1101 387 cocta
1125 349 1247 385 cibaria

196 413 238 448 ad
254 424 355 448 naves
373 411 551 453 deferrent,
569 412 613 451 et,
631 409 691 443 ubi
713 408 846 454 signum
864 405 979 440 datum
997 405 1095 443 esset,
1113 414 1155 436 ne
1173 401 1246 446 quis

195 476 322 500 moram
344 461 587 498 conscendendi
612 462 748 501 faceret,
771 470 894 504 perque
920 468 1047 491 omnem
1075 465 1166 488 oram
1191 452 1248 497 qni

197 528 241 551 ex
258 514 401 560 specu-lis
425 513 652 559 prospicerent
676 511 912 546 adventantem
933 506 1081 542 hostium
1098 504 1246 539 classem.

170 567 305 603 7Simul
331 566 454 611 itaque,
485 575 684 609 quamquam
714 561 754 596 de
779 559 945 596 industria
968 556 1088 592 morati
1115 567 1249 590 cursum
1296 560 1298 562 ’

197 618 333 653 navium
350 623 445 652 erant
463 614 756 659 Carthaginienses
779 614 818 646 ut
835 613 912 646 ante
929 609 1037 644 lucem
1055 605 1249 642 accederent
1297 598 1298 606 ¹

198 669 396 714 Lilybaeum,
421 678 625 712 praesensum
648 668 760 699 tamen
785 665 848 702 est,
866 661 944 707 quia
966 662 999 694 et
1023 659 1101 693 luna
1124 668 1251 702 pernox

199 723 271 756 erat
289 723 322 755 et
340 718 479 754 sublatis
498 716 710 752 armamentis
727 714 913 753 veniebant,
933 709 1102 754 extemplo
1119 708 1251 753 signum
1297 701 1298 744 J

201 772 317 806 datum
339 783 382 806 ex
408 769 550 815 speculis
575 771 609 803 et
634 768 669 802 in
693 765 814 812 oppido
839 764 879 798 ad
900 775 990 798 arma
1011 760 1253 796 conclamatum
1297 762 1298 765 ’

174 826 253 858 8est
277 826 311 857 et
336 823 371 856 in
395 833 496 856 naves
521 830 750 855 conscensum.
798 816 882 850 Pars
915 813 1058 848 militum
1083 811 1117 845 in
1149 809 1253 844 muris

201 877 440 920 portarumque
458 872 492 907 in
515 869 728 909 stationibus,
745 880 821 913 pars
843 866 878 901 in
895 864 1034 899 navibus
1053 864 1159 897 erant.
1208 860 1254 894 Et

203 925 509 970 Carthaginienses,
538 922 616 967 quia
647 932 718 955 rem
750 919 821 953 fore
852 915 942 951 haud
975 927 1050 950 cnm
1082 911 1254 957 imparatis

203 976 393 1017 cernebant,
415 986 522 1020 usque
547 972 587 1007 ad
612 972 721 1007 lucem
741 974 843 1016 portu
867 981 902 1003 se
927 966 1172 1004 abstinuerunt,
1200 961 1255 996 de-

203 1027 331 1063 mendis
349 1024 560 1061 armamentis
578 1036 617 1058 eo
634 1026 783 1068 tempore
806 1018 1016 1064 aptandaque
1046 1015 1087 1050 ad
1109 1024 1256 1060 pugnam

175 1079 308 1115 9elasse
326 1078 512 1122 absumpto.
554 1075 624 1110 Ubi
641 1073 760 1114 illuxit,
779 1071 925 1116 recipere
942 1069 1081 1103 classem
1094 1066 1129 1100 in
1143 1065 1256 1105 altum,

204 1134 243 1166 ut
269 1130 415 1176 spatium
448 1139 570 1173 pugnae
602 1128 690 1161 esset
715 1124 911 1167 exitumque
943 1120 1084 1155 liberum
1110 1130 1127 1151 e
1156 1118 1258 1161 portu

156 1187 306 1217 lonaves
338 1180 486 1215 hostium
518 1178 690 1213 haberent.
739 1175 814 1210 Nec
853 1171 997 1208 Romani
1030 1170 1258 1204 detractavere

205 1244 354 1279 pugnam
374 1234 408 1266 et
425 1229 585 1265 memoria
608 1228 695 1263 circa
712 1239 749 1262 ea
766 1227 838 1272 ipsa
858 1225 932 1259 loca
954 1225 1126 1268 gestarum
1147 1230 1259 1252 rerum

112 1285 195 1328 (50)
206 1284 286 1318 freti
309 1287 343 1318 et
368 1282 512 1317 militum
536 1278 752 1314 multitudine
770 1289 807 1312 ac
828 1277 963 1311 virtute.
1012 1271 1082 1307 Ubi
1099 1271 1133 1305 in
1156 1269 1260 1304 altum

206 1335 314 1370 evecti
327 1336 416 1375 sunt,
433 1333 605 1367 Romanus
620 1341 793 1365 conserere
807 1338 951 1373 pugnam
971 1327 1004 1359 et
1022 1336 1062 1358 ex
1076 1321 1260 1367 propinquo

207 1386 293 1422 vires
311 1385 462 1420 conferre
479 1382 562 1418 velle
578 1397 585 1416 :
612 1383 729 1416 contra
751 1378 883 1414 eludere
901 1378 1035 1415 Poenus,
1054 1376 1088 1408 et
1106 1376 1178 1407 arte
1195 1383 1262 1405 non

206 1438 240 1472 vi
257 1449 328 1472 rem
351 1447 477 1482 gerere,
499 1433 701 1478 naviumque
725 1442 823 1476 quam
845 1429 992 1463 virorum
1011 1428 1069 1460 aut
1093 1434 1261 1459 armorum
1297 1419 1298 1437 ³

179 1488 304 1526 2malle
318 1490 487 1523 certamen
503 1485 622 1519 facere.
672 1482 761 1517 Nam
776 1484 813 1516 ut
827 1480 925 1515 sociis
938 1476 1110 1513 navalibus
1125 1473 1263 1509 adfatim
1297 1490 1298 1496 1

207 1540 406 1574 instructam
423 1537 569 1577 classem,
583 1535 630 1569 ita
644 1534 775 1578 inopem
789 1531 894 1566 milite
906 1528 1085 1568 habebant,
1100 1528 1144 1567 et,
1158 1523 1264 1559 sicubi

208 1592 363 1626 conserta
385 1588 478 1623 navis
503 1589 602 1629 esset,
623 1583 880 1629 haudquaquam
898 1593 958 1626 par
980 1589 1138 1614 numerus
1159 1587 1263 1610 arma—

183 1647 321 1678 3torum
346 1653 387 1675 ex
408 1652 446 1674 ea
469 1637 651 1684 pugnabat.
703 1634 804 1672 Quod
829 1633 885 1668 ubi
911 1629 1175 1666 animadversum
1201 1629 1262 1666 est,

210 1696 244 1728 et
261 1691 423 1727 Romanis
437 1688 618 1724 multitudo
634 1698 693 1721 sua
710 1685 803 1720 auxit
818 1685 964 1718 animum
982 1685 1016 1716 et
1031 1679 1183 1725 paucitas
1200 1677 1263 1711 illis

210 1743 352 1780 minuit:
389 1739 556 1786 extemplo
577 1741 707 1783 septem
732 1748 833 1771 naves
858 1734 993 1769 Punicae
1018 1732 1262 1767 circumventae,
