1298 1921
430 31 517 62 LIB.
542 29 637 61 xx1.
656 32 705 68 62,
723 20 772 62 632
1075 28 1114 58 65

67 73 336 152 sssc'lss?'lpalaln
364 105 454 140 facta
477 108 539 147 est,
565 117 684 140 novam
709 105 847 148 insuper
870 103 953 137 iram
983 102 1114 136 infestis

61 162 133 205 jam
158 161 235 193 ante
261 155 415 201 patribus
440 156 566 191 movit:
593 168 660 191 11011
685 168 759 190 011111
786 156 906 189 senatu
931 152 1028 187 modo
1056 152 1115 187 sed

62 213 134 256 jam
158 221 233 244 curn
259 208 322 242 diis
351 207 595 242 immortalibus
622 207 659 242 C.
679 206 877 241 Flaminium
907 204 1031 239 bellum
1060 215 1115 249 ge-

66 273 160 296 rere:
187 258 356 295 consulem
382 261 459 292 ante
485 258 692 304 inauspicato
725 258 852 292 sactum
880 254 1114 290 revocantibus

67 325 110 348 ex
130 312 202 358 ipsa
225 310 293 345 acie
319 309 383 344 diis
408 312 509 355 atque
530 309 720 345 hominibus
746 321 813 344 non
840 307 1002 353 paruisse,
1026 318 1116 341 nunc

67 361 271 399 conscientia
295 364 485 407 spretorum
511 365 545 396 et
571 361 773 407 Capitolium
796 362 830 395 et
849 358 1041 394 sollemnem
1059 369 1117 392 vo-

66 417 178 449 torum
200 412 488 458 nuncupationem
514 412 650 458 fugisse,
669 424 710 447 116
731 411 784 447 die
804 411 879 446 initi
896 410 1115 455 magistratus

67 466 160 500 Jovis
185 464 303 510 optimi
328 464 466 498 maximi
490 464 653 508 templum
680 463 797 506 adiret,
821 475 863 497 ne
888 465 1041 496 senatum
1066 460 1117 494 in-

66 517 157 551 visus
175 516 245 562 ipse
263 518 297 550 et
315 514 378 549 sibi
396 515 454 549 uni
471 514 614 549 invisum
638 515 767 550 videret
790 513 1055 557 consuleretque,
1074 523 1116 546 116

66 567 206 603 Latinas
232 566 394 601 indiceret
419 566 563 612 Jovique
588 566 717 600 Latiari
742 565 900 600 sollemne
926 575 1056 598 sacrum
1082 563 1117 597 in

66 623 181 654 monte
198 618 334 660 faceret,
352 629 394 652 ne
411 617 585 662 auspicato
602 617 774 663 profectus
798 616 833 651 in
855 614 1056 661 Capitolium
1075 614 1118 649 ad

66 672 146 705 vota
177 668 411 714 nuncupanda,
446 668 625 714 paludatus
658 667 735 702 inde
768 680 843 702 cuni
876 666 1049 702 lictoribus
1082 665 1117 700 in

66 720 271 766 provinciam
298 721 385 754 iret:
412 719 486 754 lixae
510 719 607 754 modo
629 720 700 754 sine
722 718 910 764 insignibus
934 718 1004 753 sine
1021 717 1117 752 licto-

66 771 158 806 ribus
175 771 363 817 profectum
383 770 467 806 clam
484 770 612 814 furtim,
628 770 719 805 haud
743 770 840 804 aliter
864 781 963 815 quani
981 769 1009 804 si
1026 768 1118 804 exilii

66 834 166 857 causa
191 822 296 857 solum
321 821 504 856 vertisset:
530 822 636 867 magis
661 833 723 867 pro
755 823 932 866 majestate
959 819 1115 855 videlicet

65 873 196 919 imperii
212 873 358 908 Arimini
382 885 480 919 quam
503 873 620 908 Romae
644 872 879 918 magistratum
901 871 1065 907 initurum
1082 876 1117 907 et

65 924 101 959 in
130 924 312 959 diversorio
341 924 499 970 hospitali
525 937 623 970 quam
650 924 739 970 apud
766 927 905 970 penates
930 935 1009 959 suos
1033 936 1117 969 prae-

66 979 194 1011 textam
223 980 447 1022 sumpturum.
497 976 737 1012 Revocandum
764 976 913 1011 universi
944 976 1148 1015 retrahen-'I

66 1027 212 1073 dumque
237 1031 441 1063 censuerunt
467 1032 501 1063 et
526 1028 712 1075 cogendum
738 1028 892 1063 omnibus
916 1028 1009 1074 prius
1034 1039 1118 1074 prae-

66 1083 195 1114 sentem
227 1079 262 1114 in
296 1079 374 1114 deos
415 1079 633 1126 hominesque
669 1080 765 1126 fungi
798 1079 912 1115 officiis
944 1092 1042 1125 quam
1075 1079 1116 1114 ad

66 1130 252 1165 exereitum
272 1133 306 1165 et
323 1131 357 1165 in
374 1131 579 1176 provinciam
595 1131 669 1166 iret.
720 1131 762 1166 111
779 1143 850 1166 eam
868 1131 1118 1177 legationem—
1131 1139 1150 1169 8

65 1181 194 1226 legatos
218 1181 306 1216 enim
330 1183 420 1217 mitti
444 1182 660 1228 placuit—Q.
679 1183 857 1218 Terentius
880 1188 914 1218 et
932 1183 982 1217 M.
1000 1183 1118 1217 Antis-

66 1234 134 1268 tius
157 1233 300 1278 profecti
327 1233 429 1268 nihilo
454 1234 560 1280 magis
585 1247 662 1269 eum
686 1241 863 1269 moverunt
887 1246 985 1280 quam
1008 1234 1118 1280 priore

66 1284 244 1319 consulatu
272 1284 395 1320 litterae
422 1289 596 1320 moverant
623 1285 663 1321 ab
693 1290 814 1320 senatu
839 1286 968 1321 missae:
994 1298 1117 1331 paucos

67 1338 144 1380 post
177 1335 248 1370 dies
282 1336 518 1382 magistratum
547 1337 633 1379 iniit,
660 1337 911 1383 immolantique
936 1337 967 1373 ei
991 1337 1119 1373 vitulus

63 1387 131 1432 jam
156 1386 244 1421 ictus
270 1399 288 1422 e
315 1387 468 1423 manibus
500 1388 758 1424 sacrificantium
784 1401 856 1424 sese
882 1402 984 1435 quum
1012 1391 1119 1435 prori-

67 1438 208 1482 puisset,
235 1438 361 1473 multos
390 1440 647 1475 circumstantes
677 1452 794 1475 cruore
823 1441 1004 1486 respersit:
1037 1441 1120 1487 fuga

68 1488 184 1534 procul
201 1489 302 1524 etiam
326 1493 434 1536 major
456 1491 545 1537 apud
567 1491 713 1536 ignaros,
733 1490 812 1537 quid
829 1492 1066 1537 trepidaretur,
1084 1498 1118 1528 et

38 1540 40 1542 ’
67 1541 278 1575 concursatio
297 1541 382 1576 fuit:
409 1542 442 1577 id
461 1555 480 1577 a
496 1543 664 1588 plerisque
682 1542 717 1577 in
736 1555 833 1578 omen
850 1545 963 1590 magni
979 1545 1118 1579 terroris

67 1594 254 1636 acceptum.
303 1592 512 1638 Legionibus
537 1593 614 1628 inde
640 1593 768 1628 duabus
794 1607 812 1629 a
834 1595 1029 1641 Sempronio
1052 1596 1118 1642 pri·
1133 1607 1151 1635 9

67 1643 134 1677 oris
152 1643 229 1677 anni
247 1644 382 1679 consule
400 1645 528 1680 duabus
546 1658 565 1680 a
583 1646 620 1681 C.
638 1646 744 1681 Atilio
762 1650 903 1692 praetore
920 1648 1066 1693 acceptis
1084 1648 1120 1682 in

69 1694 239 1729 Etruriam
273 1707 332 1740 per
363 1697 532 1742 Apennini
570 1698 722 1733 tramites
755 1699 924 1734 exercitus
956 1699 1033 1735 duci
1066 1706 1118 1736 est

67 1748 208 1791 coeptus.

113 1809 171 1827 mv.
186 1811 265 1829 ms’r.
280 1811 313 1829 11.
587 1803 608 1825 F
