1298 1921
170 65 231 96 122
431 65 468 96 T.
493 66 611 96 LIVII
637 66 969 97 HISTORIARUM

1065 109 1097 134 Α.
1113 109 1140 133 c.
1154 109 1210 134 216.

166 151 285 174 manus
302 138 383 174 civis
402 139 446 174 sis
464 151 505 173 an
522 139 665 174 Latinus
683 140 801 183 socius,
819 143 856 175 ut
877 153 919 175 ex
937 146 995 175 tua
1012 109 1212 177 coiitumelia

166 192 200 225 et
218 190 350 225 miseria
366 190 461 224 alteri
478 190 582 225 honos
601 194 788 236 quaeratur
781 192 794 217 Ρ
822 192 899 226 Non
916 194 964 233 tu,
980 192 1007 226 si
1021 192 1151 249 quidem
1170 193 1211 227 L.

165 241 292 276 AEmih'i
309 241 462 283 consulis,
483 242 539 286 qui
562 254 596 276 se
614 241 697 276 bene
718 243 801 277 mori
818 255 916 288 quam
933 244 1078 300 turpiter
1102 244 1153 277 viv
1157 256 1211 278 cre

165 291 293 335 maluit,
322 295 356 327 et
384 295 436 327 tot
466 292 722 327 fortissimorum
750 293 905 335 virorum,
937 294 992 339 qui
1021 295 1108 329 eirca
1136 307 1211 328 eum

135 342 325 377 6cumulati
348 343 470 388 jacent,
496 344 583 378 cives
612 344 703 378 estis.
754 344 819 379 Sed
848 347 1023 390 antequam
1054 346 1211 391 opprimit

165 392 223 428 lux
255 396 446 440 majoraque
478 395 621 429 hostium
657 395 789 441 agmina
826 395 1011 440 obsaepiunt
1047 396 1120 440 iter,
1153 409 1212 442 per

165 444 236 487 hos,
255 445 311 490 qui
328 445 507 480 inordinati
524 449 624 492 atque
641 447 851 492 incompositi
868 447 1065 492 obstrepunt
1086 452 1210 493 portas,

136 496 155 528 7
166 507 388 541 erumpamus.
438 497 540 531 Ferro
566 505 666 542 atque
690 498 825 532 audacia
850 498 903 532 via
926 498 963 532 fit
987 499 1135 544 quamvis
1152 511 1212 543 per

166 547 333 582 confertos
351 547 464 582 hostes
482 561 488 582 :
514 560 620 582 cuneo
639 548 769 594 quidem
795 549 856 583 hoc
874 549 984 583 laxum
1006 554 1105 595 atque
1123 549 1212 584 solu-

166 601 236 632 tum
256 610 375 644 agmen
388 601 426 633 ut
445 599 470 633 si
485 599 567 633 nihil
580 599 691 634 obstet
705 599 868 644 disjicias:
888 600 999 646 itaque
1013 600 1058 635 ite
1073 613 1213 643 mecum,

167 649 223 694 qui
248 652 282 683 et
306 653 435 684 vosmet
460 650 550 695 ipsos
575 654 609 684 et
634 663 703 685 rem
729 651 895 695 publicam
920 651 1043 685 salvam
1073 651 1210 686 vultis.”

137 700 253 735 SHaeo
277 700 335 735 ubi
360 701 450 736 dieta
474 701 575 744 dedit,
602 702 739 747 stringit
759 702 906 747 gladium
929 714 1100 748 cuneoque
1122 702 1212 737 sacto

166 763 226 795 per
250 751 376 786 medios
401 751 492 786 vadit
518 753 652 787 hostes:
680 758 714 788 et
742 766 842 799 quum
869 753 904 787 in
930 753 1017 788 latus
1044 753 1211 796 dextrum,

167 801 255 847 quod
273 803 418 848 patebat,
444 803 600 838 Numidae
621 804 858 849 jacularentur,
876 804 1046 839 translatis
1071 805 1106 839 in
1130 805 1212 839 dex-

166 856 257 887 trum
289 855 393 889 scutis
422 855 457 889 in
486 857 612 899 majora
639 859 749 890 castra
777 855 817 890 ad
846 856 994 890 sexcenti
1022 859 1210 898 evaserunt,

167 908 267 950 atque
284 905 360 940 inde
379 905 532 948 protinus
550 906 613 940 alio
631 919 750 951 niagno
774 907 903 952 agmine
927 906 1083 952 adjuncto
1101 907 1212 941 Canu-

137 956 252 994 9sium
278 956 460 991 incolumes
490 958 698 1002 perveniunt.
751 959 833 992 Haee
860 957 948 1003 apud
977 958 1081 992 victos
1106 958 1211 1003 magis

165 1007 293 1052 impetu
322 1008 646 1054 animorum—quod
674 1009 844 1054 ingenium
877 1021 973 1043 suum
1004 1009 1122 1054 cuique
1153 1012 1211 1044 aut

166 1059 234 1094 sors
248 1060 494 1106 dabat—quam
513 1073 552 1095 ex
567 1061 703 1096 consilio
719 1062 865 1107 ipsorum
879 1064 936 1096 aut
953 1061 1090 1107 imperio
1104 1062 1212 1107 eujus-

166 1123 264 1157 quam
283 1111 478 1157 agebantur.

83 1155 156 1200 (51)
211 1162 394 1197 Hannibali
422 1163 541 1197 victori
571 1176 672 1209 quum
701 1163 813 1198 caeteri
845 1163 1035 1198 circumfusi
1065 1163 1212 1208 gratula-

163 1217 280 1248 rentur
313 1214 569 1259 suaderentque,
600 1218 637 1249 ut
670 1217 765 1249 tauto
798 1215 995 1259 perfunctus
1028 1214 1113 1249 bello
1146 1214 1210 1249 diei

163 1264 254 1309 quod
277 1265 441 1310 reliquum
466 1269 555 1300 esset
578 1266 752 1311 noctisque
777 1266 982 1311 insequentis
1009 1266 1153 1311 quietem
1176 1268 1210 1300 et

162 1316 233 1361 ipse
261 1316 325 1351 sibi
353 1320 500 1351 sumeret
528 1321 562 1351 et
591 1317 687 1351 fessis
717 1316 810 1351 daret
837 1317 1008 1358 militibus,
1035 1316 1211 1352 Mahsubal

162 1367 342 1412 praefectus
360 1368 510 1414 equitum
534 1368 668 1402 minime
685 1367 878 1403 cessandum
900 1371 992 1402 xatus
1012 1368 1146 1402 “Immo
1159 1371 1208 1410 ut,

162 1413 243 1459 quid
269 1414 330 1449 hac
358 1427 471 1460 pugna
500 1415 544 1449 sit
577 1418 700 1455 actum,
728 1415 821 1455 scias,
853 1414 904 1449 die
934 1414 1072 1460 quinto’
1101 1414 1210 1460 inquit

131 1469 150 1498 2
164 1468 183 1482 “
195 1465 326 1500 vietor
318 1478 352 1500 m
371 1466 537 1511 Capitolio
555 1465 642 1510 epul
644 1465 751 1500 ibeiis.
802 1466 967 1511 Sequere:
993 1478 1069 1500 cum
1088 1466 1209 1512 equite,

160 1519 199 1551 ut
225 1517 316 1562 prius
346 1517 476 1551 venisse
506 1529 604 1562 quam
633 1520 812 1551 venturum
841 1517 959 1558 sciant,
989 1516 1207 1562 praeeedam.”

130 1567 342 1602 3Hannibali
371 1568 468 1602 nimis
497 1568 574 1603 laeta
601 1580 654 1602 res
679 1570 730 1602 est
756 1568 827 1602 visa
850 1568 1020 1614 majorque
1046 1580 1144 1613 quam
1170 1570 1208 1602 ut

159 1631 231 1653 eam
257 1618 371 1653 statim
401 1631 517 1664 capere
548 1619 656 1653 animo
685 1622 821 1665 posset:
860 1619 973 1665 itaque
1003 1619 1207 1654 voluntatem

160 1681 195 1704 se
228 1669 363 1704 laudare
396 1670 601 1704 Maharbalis
635 1670 692 1711 ait,
722 1670 763 1704 ad
795 1670 970 1705 consilium
1002 1670 1208 1716 pensandum

128 1721 319 1766 4temporis
337 1733 422 1766 opus
443 1733 525 1756 esse.
575 1722 660 1756 Tum
685 1721 878 1756 Maharbal:
907 1721 1017 1755 “Non
1034 1721 1144 1756 omnia
1160 1722 1209 1756 ni-

159 1773 281 1808 mirum
310 1772 418 1808 eidem
446 1773 479 1807 di
506 1772 645 1807 dedere:
676 1773 808 1808 vincere
835 1772 910 1814 scis,
937 1772 1117 1816 Hannibal,
1142 1773 1209 1808 vie-
