1298 1921
394 7 483 38 LIB.
506 6 643 37 XXIII.
668 7 760 39 5—7.
1047 5 1103 37 143

54 50 294 129 Itaclizglfiliotiri
326 81 466 127 possint.
524 80 646 116 Foedus
679 81 766 116 enim
799 91 876 115 eum
909 78 1099 114 Hannibale
1115 87 1134 117 2

54 135 173 182 quibus
207 133 309 168 velint
341 132 471 179 legibus
503 132 662 174 facturos,
697 143 805 178 neque
837 131 1100 166 controversiam

52 186 123 222 sore
145 185 234 232 quin,
259 196 362 230 quum
378 185 449 229 ipse
467 184 618 218 confecto
641 183 726 218 bello
747 181 919 217 Hannibal
941 182 1048 217 victor
1065 182 1100 216 in

51 237 199 273 Africam
213 234 350 270 decedat
364 235 613 281 exercitumque
627 234 791 280 deportet,
804 233 931 268 Italiae
922 234 1098 278 imperium

53 287 230 334 Campanis
258 286 474 332 relinquatur.
524 286 610 321 Haee
638 286 750 320 Virrio
783 285 934 330 loquenti
967 284 1131 319 adsensia

51 351 164 374 omnes
189 338 237 373 ita
253 337 446 372 renuntiant
471 337 682 383 legationem,
702 336 754 371 uti
775 335 921 371 deletum
945 335 1098 370 omnibus

51 390 222 425 videretur
247 400 369 423 nomen
393 389 593 423 Romanum.
642 387 822 433 Extemplo
847 386 952 432 plebis
978 386 1020 421 ad
1044 386 1130 421 (le-4

50 441 231 476 sectionem
260 451 298 474 ae
322 451 399 484 pars
425 441 530 483 major
556 443 693 473 senatus
727 442 888 484 spectare.
937 437 1101 472 Extraeta

50 495 163 528 tamen
185 488 443 526 auctoritatibus
466 489 632 524 seniorum
650 502 708 535 per
730 501 853 535 paucos
878 488 948 523 dies
966 493 1017 523 est
1034 501 1098 523 res.

50 544 226 578 Postremo
242 542 346 577 vineit
369 541 537 576 sententia
552 540 709 586 plurimn,
726 544 765 575 ut
789 540 888 575 iidem
911 540 1023 586 legati,
1043 541 1098 586 qui
1110 548 1129 577 5

50 594 92 629 ad
124 593 294 630 consulem
325 593 515 628 Romanum
547 592 665 634 ierant,
696 591 738 626 ad
770 591 995 627 Hannibalem
1024 592 1100 626 mit-

49 650 212 681 terentur.
262 644 340 683 Quo
357 643 550 689 priusquam
566 643 674 678 iretur
690 646 886 689 certumque
903 642 1099 678 defectionis
1111 652 1130 682 6

49 697 224 732 consilium
245 698 343 738 esset,
364 695 508 729 Romam
531 695 662 740 legatos
685 694 804 729 missos
830 706 849 728 a
867 694 1045 739 Campanis
1065 694 1101 729 in

49 747 246 794 quibusdam
263 745 436 781 annalibus
449 745 582 780 invenio
597 745 816 791 postulantes,
830 748 869 780 ut
887 745 971 780 alter
984 745 1101 781 consul

49 799 238 844 Campanus
264 798 370 840 fieret,
398 797 428 831 si
459 809 530 831 rem
562 796 749 831 Romanam
783 795 932 841 adjuvari
966 796 1098 831 vellent.

47 849 284 896 Indignatione
305 854 379 883 orta
401 847 593 883 submoveri
617 860 637 882 a
660 847 753 882 ouria
772 850 887 892 jussos
912 860 994 889 esse,
1021 848 1129 885 mis-7

47 912 188 947 sumque
204 899 355 935 lictorem
373 899 430 944 qui
450 911 492 934 ex
509 898 591 934 urbe
609 898 766 933 educeret
791 911 847 933 eos
865 896 966 944 atque
989 911 1028 933 eo
1046 898 1099 934 die

47 962 180 986 manere
197 954 293 986 extra
308 951 389 985 fines
407 950 577 985 Romanos
592 951 738 996 juberet.
788 950 878 988 Quia
894 950 992 985 nimis
1010 962 1097 985 com·
1110 958 1129 988 8

46 1013 106 1048 par
131 1002 326 1037 Latinorum
349 1001 516 1047 quondam
537 1001 721 1046 postulatio
744 1006 826 1045 erat,
850 1001 1041 1047 Coeliusque
1064 1005 1099 1036 et

46 1053 101 1088 alii
113 1052 148 1088 id
164 1053 254 1088 haud
267 1053 338 1088 sine
355 1065 456 1088 eausa
471 1053 754 1099 praetermiserant
771 1052 963 1098 scriptores,
975 1065 1098 1098 ponere

45 1115 106 1150 pro
122 1108 214 1140 certo
227 1117 302 1139 sum
314 1104 453 1139 veiitus.
501 1103 624 1150 Legati
638 1103 680 1138 ad
692 1103 918 1138 Hannibalem
932 1109 1096 1139 venerunt
1108 1103 1164 1145 (7)

44 1167 227 1201 pacemque
249 1167 325 1191 cum
349 1167 388 1191 eo
411 1155 658 1191 conditionibus
682 1155 845 1196 fecerunt,
870 1167 912 1190 ne
938 1155 1011 1201 quis
1036 1155 1098 1190 im-

44 1210 180 1252 perator
211 1207 471 1253 magistratusve
501 1208 682 1241 Poenorum
710 1208 769 1250 jus
796 1205 900 1240 ullum
928 1206 963 1241 in
991 1206 1098 1242 civem

45 1257 250 1304 Campanum
275 1257 425 1299 haberet,
441 1270 525 1293 neve
548 1257 630 1293 civis
648 1257 838 1303 Campanus
861 1257 989 1292 invitus
1013 1258 1097 1293 mili-

43 1311 133 1344 taret
159 1321 322 1344 munusve
349 1309 488 1352 faceret,
513 1311 552 1344 ut
581 1321 650 1343 suae
679 1308 769 1354 leges
799 1308 851 1343 5111
876 1308 1096 1355 magistratus

44 1360 170 1405 Capuae
186 1364 308 1402 essent,
327 1365 365 1395 ut
382 1365 553 1396 trecentos
570 1372 612 1395 ex
630 1359 791 1394 Romanis
809 1360 952 1405 captivis
968 1359 1095 1395 Poenus

43 1410 138 1446 daret
156 1411 333 1457 Campanis
356 1424 440 1458 quos
464 1411 528 1457 ipsi
550 1411 741 1457 elegissent,
758 1423 834 1446 cum
860 1410 981 1456 quibus
1003 1423 1084 1457 equ-

41 1464 118 1498 tum
150 1463 397 1508 Campanorum
434 1463 492 1509 qui
522 1463 558 1498 in
591 1462 703 1497 Sicilia
740 1461 908 1507 stipendia
943 1462 1093 1497 facerent

41 1514 246 1560 permutatio
277 1514 382 1550 fieret.
439 1515 525 1550 Haec
557 1518 666 1559 pacta.
727 1513 792 1548 Illa
822 1513 961 1559 insuper
993 1522 1124 1559 qua1n2
1162 1529 1165 1535 Δ

42 1578 116 1612 quae
128 1569 227 1612 pacta
242 1570 337 1601 erant
354 1566 502 1601 facinora
520 1565 682 1610 Campani
698 1563 889 1600 ediderunt:
915 1577 992 1600 nam
1009 1577 1093 1610 prae-

42 1616 149 1652 tectos
178 1617 305 1652 socifim
330 1617 485 1663 civesque
517 1617 689 1652 Romanos
717 1615 808 1660 alios,
833 1617 956 1662 partim
981 1615 1093 1662 aliquo

41 1667 168 1704 militiae
191 1681 329 1703 munere
353 1671 534 1714 occupatos
556 1668 680 1713 partim
699 1667 839 1713 privatis
863 1667 1008 1713 negotiis
1032 1667 1092 1702 im-

42 1719 184 1767 plicitos,
208 1719 303 1766 plebs
322 1723 462 1766 repente
481 1731 596 1755 omnes
619 1718 877 1765 comprehensos
901 1717 994 1755 velut
1019 1730 1093 1754 eus-
