1298 1921
0 0 66 7 ..ν-ν

378 38 466 70 LIB.
490 38 605 71 XXII.
630 39 766 71 52—54.
1041 39 1100 69 125

61 86 95 107 A.
109 82 136 106 c.
152 79 223 114 2¹⁶3

61 115 250 160 cogitentur
277 113 423 149 hostium
450 115 560 148 eastra
591 125 673 148 esse.
727 113 846 159 Pergit
878 111 926 148 ire
958 119 1135 159 sequen-4

59 165 150 200 tibus
174 164 287 211 paucis
311 164 346 199 in
369 164 549 209 hospitium
572 163 703 199 Metelli
725 167 768 206 et,
797 175 899 210 quum
924 163 1101 198 concilium

54 214 104 251 ibi
122 218 285 261 juvenum
307 214 347 250 de
371 215 490 260 quibus
513 214 660 250 adlatum
682 218 753 250 erat
771 214 963 257 invenisset,
981 215 1101 249 stricto

58 279 160 312 super
175 267 285 312 capita
301 266 561 301 consultantium
578 266 698 312 gladio,
717 268 735 284 ‘⁴
749 266 804 299 Ex
824 265 887 300 mei
906 265 1004 300 animi
1027 278 1103 300 seu-

57 318 185 353 tentia''
209 317 327 363 inquit,
353 320 424 352 “ut
447 329 509 362 ego
534 329 603 352 rem
628 316 792 362 publicam
819 316 932 362 populi
958 316 1103 351 Romani

57 381 124 403 non
148 368 307 410 deseram,
332 380 439 413 neque
464 368 565 402 alium
593 368 700 403 civem
729 367 921 402 Romanum
950 367 1103 402 deserere

56 419 185 465 patiar:
212 419 241 454 si
263 419 369 454 sciens
393 419 479 461 fallo,
498 423 570 453 tum
589 431 651 460 me,
669 418 837 464 Juppiter
859 418 984 464 optime
1001 419 1103 453 maxi-

56 482 118 512 me,
137 469 271 504 domum
294 470 451 504 familiam
476 482 610 515 remque
633 482 740 504 meam
764 470 910 515 pessimo
933 469 1000 504 leto
1023 469 1103 504 adfi-

56 522 134 556 cias.
184 521 226 555 In
243 521 312 556 haec
329 521 438 562 verba,
457 521 497 555 L.
517 521 639 560 Caecili,
655 521 749 566 jures
768 521 901 566 postulo
924 521 1102 567 caeterique
1116 531 1134 560 5

57 572 114 617 qui
143 571 287 607 adestis:
322 572 378 618 qui
407 584 473 606 non
498 572 672 617 juraverit,
698 572 739 606 'in
768 584 803 607 se
833 572 921 607 hunc
954 572 1102 618 gladium

57 623 210 657 strictum
230 635 302 657 esse
325 623 441 658 sciat.''
490 623 594 658 Haud
617 635 712 658 secus
739 623 860 668 pavidi,
878 636 975 669 quam
993 624 1019 658 si
1038 624 1101 659 vic·
1117 631 1135 660 6

58 677 165 708 torem
187 673 411 709 Hannibalem
433 677 618 714 cernerent,
630 675 749 718 jurant
774 686 888 709 omnes
914 674 1101 709 custodi-en-

58 724 183 770 dosque
214 727 319 759 semet
347 725 437 770 ipsos
471 725 616 770 Scipioni
647 725 796 760 tradunt.
854 726 905 760 Eo
938 730 1100 771 tempore,
1116 727 1199 768 (54)

57 787 123 821 quo
146 776 215 810 haec
232 775 369 810 Canusii
391 775 587 821 agebantur,
605 776 787 811 Venusiam
808 776 850 811 ad
874 777 1044 812 consulem
1061 777 1103 812 ad.

57 830 217 872 quattuor
241 827 342 861 millia
373 831 407 862 et
441 827 615 873 quingenti
647 827 776 873 pedites
811 828 1017 874 equitesque,
1045 829 1103 875 qui

57 878 162 923 sparsi
186 878 268 924 fuga
291 891 350 924 per
375 890 472 924 agros
495 878 640 922 fuerant,
658 891 848 924 pervenere.
898 880 965 914 Eos
988 892 1102 915 omnes
1117 890 1135 918 2

56 929 221 964 Venusini
242 941 302 975 per
318 929 457 964 familias
480 929 622 975 benigne
647 930 856 975 accipiendos
874 931 1103 977 curandosque

57 993 159 1026 quum
188 980 390 1023 divisissent,
408 981 443 1015 in
466 981 615 1027 singulos
641 982 771 1026 equites
796 984 893 1028 togas
916 985 950 1017 et
973 983 1103 1017 tunicas

56 1035 90 1066 et
108 1031 323 1078 quadrigatos
341 1044 493 1067 nummos
511 1032 629 1078 quinos
642 1033 798 1067 vincenos
816 1037 850 1068 et
867 1033 972 1079 pediti
989 1033 1102 1076 denos,

57 1085 90 1117 et
107 1095 199 1117 arma
223 1082 344 1128 quibus
367 1083 504 1118 deerant
527 1083 701 1118 dederunt.
752 1083 948 1130 Caeteraque
970 1083 1136 1130 publiceS

56 1146 94 1170 ac
111 1135 266 1180 privatnn
279 1135 491 1181 hospitaliter
507 1136 597 1171 facta
614 1139 858 1182 certatumque,
872 1149 914 1172 ne
932 1149 951 1172 a
966 1137 1104 1172 muliere

56 1187 224 1222 Canusina
251 1187 392 1233 populus
421 1188 616 1223 Venusinus
645 1188 759 1223 officiis
788 1188 988 1224 vinceretur.
1039 1189 1137 1224 Sed4

55 1238 189 1285 gravius
206 1251 290 1273 onus
307 1239 408 1274 Busae
424 1239 606 1274 multitudo
623 1239 776 1281 faciebat,
796 1243 830 1274 et
844 1240 913 1286 jam
931 1240 973 1274 ad
990 1240 1103 1275 decem

55 1289 158 1325 millia
178 1290 349 1325 hominum
370 1293 484 1325 erant:
514 1290 711 1336 Appiusque
728 1295 762 1325 et
782 1291 903 1335 Scipio,
928 1295 1106 1337 postquam

55 1341 254 1376 ineolumem
271 1354 343 1377 esse
367 1342 508 1377 alterum
531 1342 701 1377 consulem
721 1346 932 1388 acceperunt,
951 1343 1106 1378 nuntium

55 1392 225 1437 extemplo
250 1393 401 1437 mittunt,
419 1396 552 1439 quantae
575 1405 688 1428 secum
711 1392 863 1438 peditum
887 1394 1106 1439 equitumque

55 1443 158 1488 oopiae
180 1447 303 1486 essent,
323 1444 596 1490 sciscitatumque
621 1444 730 1486 simul,
749 1448 906 1479 utrumne
925 1445 1106 1480 Venusiam

55 1493 175 1529 adduci
200 1495 383 1530 exercitum
408 1508 451 1530 an
478 1508 612 1530 manere
637 1495 771 1541 juberet
801 1495 948 1531 Canusii.
997 1496 1138 1537 Varro5

53 1545 125 1590 ipse
151 1545 335 1581 Canusium
360 1547 471 1592 copias
495 1547 667 1582 traduxit:
694 1551 729 1581 et
749 1549 821 1592 jam
846 1547 956 1593 aliqua
980 1548 1106 1593 species

55 1596 237 1632 consularis
267 1598 433 1633 exereitus
462 1601 543 1640 erat,
574 1598 804 1643 moenibusque
831 1611 865 1633 se
892 1602 983 1634 certe
1009 1599 1049 1643 ei,
1079 1599 1106 1634 si

54 1659 122 1682 non
139 1649 248 1690 armis,
268 1649 309 1684 ab
326 1649 423 1684 hoste
440 1649 641 1684 videbantur
658 1649 836 1684 defensuri.

101 1699 247 1734 Romam
272 1712 315 1735 ne
344 1700 404 1735 has
431 1700 565 1745 quidem
595 1700 752 1746 reliquias
780 1713 956 1746 superesse
985 1701 1104 1737 civium
1121 1711 1141 1742 6

56 1750 287 1798 sociorumque
304 1751 363 1787 sed
379 1751 549 1787 occidione
566 1752 692 1787 occisos
713 1752 865 1788 consules
883 1765 960 1788 cum
977 1752 1107 1789 duobus
