1298 1921
140 35 180 64 ‘28
381 34 417 64 T.
443 34 561 63 LIVII
586 34 921 65 HISTORIARUM

1040 78 1071 102 A.
1086 77 1112 101 e.
1128 77 1184 102 218.

139 119 208 142 rem
242 107 338 149 foret,
372 107 420 142 ita
448 111 523 142 acta
550 120 586 143 re
620 108 660 142 ad
691 108 786 143 fidem
814 109 950 154 pronius
980 77 1052 144 esti:
1080 113 1185 144 ratem

139 170 239 192 unam
272 157 433 193 ducentos
467 159 599 205 longam
632 159 731 204 pedes
766 160 1007 206 quinquaginta
1038 160 1139 195 latam
1167 173 1186 194 a

139 212 231 244 terra
258 210 293 244 in
320 223 449 245 amnem
474 214 702 256 porrexerunt,
732 224 839 257 quam,
868 224 909 246 ne
934 211 1079 246 secunda
1102 224 1187 257 aqua

140 260 336 302 deferretur,
364 261 513 307 pluribus
539 261 655 296 validis
682 262 872 296 retinaculis
898 266 993 307 parte
1018 263 1187 308 superiore

140 312 221 356 ripae
238 311 411 357 religatam
429 312 542 356 pontis
566 313 601 346 in
621 312 755 347 modum
778 313 878 347 humo
896 314 1018 359 injecta
1040 318 1188 348 constra-

141 366 272 404 verunt,
303 366 341 397 ut
371 363 488 398 belluae
517 363 675 398 audacter
703 364 794 399 velut
824 377 882 410 per
907 365 1013 399 solum
1037 364 1189 410 ingrede-

142 418 279 448 rentur:
307 414 412 448 altera
434 414 515 449 ratis
541 427 633 460 aeque
656 414 723 449 lata
745 415 844 460 longa
865 415 964 460 pedes
985 420 1128 457 centum,
1148 415 1190 449 ad

142 465 377 510 trajiciendum
402 465 525 499 flumen
548 470 636 510 apta,
660 466 737 500 huie
760 466 914 511 copulata
935 470 996 509 est,
1022 470 1064 508 et,
1088 479 1191 512 quum

143 516 313 560 elephanti
339 528 396 561 per
421 516 574 551 stabilem
600 520 708 551 ratem
735 524 902 562 tamquam
933 518 1019 551 viam
1045 529 1191 563 praegre-

142 567 310 602 dientibus
328 567 460 601 feminis
478 567 543 602 acti
561 567 618 602 ubi
636 568 669 602 in
690 568 850 602 minorem
868 567 1067 613 adplicatam
1084 573 1192 602 traus-

141 618 249 663 gressi
274 622 364 659 sunt,
392 618 560 664 extemplo
589 619 744 653 resolutis
771 619 889 664 quibus
919 619 1037 653 leviter
1065 618 1192 653 adnexa

142 672 214 705 erat
242 670 393 711 vinculis,
422 670 462 705 ab
491 671 648 705 actuariis
674 671 799 716 aliquot
824 671 963 705 navibus
989 670 1031 705 ad
1055 671 1193 705 alteram

142 722 247 766 ripam
271 722 497 767 pertrahitur:
524 722 572 756 ita
596 722 711 767 primis
736 722 897 767 expositis
923 722 978 756 alii
1004 722 1121 756 deinde
1142 734 1193 756 re-

115 773 243 817 7petiti
268 784 306 807 ae
328 772 461 817 trajecti
484 776 573 807 sunt.
624 773 719 807 Nihil
743 786 820 808 sane
842 772 1064 818 trepidabant,
1090 772 1194 807 donec

146 823 332 858 continenti
356 824 448 858 velut
474 827 575 868 ponte
605 827 804 869 agerentur:
830 824 957 869 primus
982 828 1053 858 erat
1078 836 1194 868 pavor,

145 887 248 920 quum
272 874 382 909 soluta
406 874 446 909 ab
470 875 598 909 caeteris
621 878 692 909 rate
717 875 750 909 in
776 875 879 909 altum
905 878 1122 920 raperentur:
1150 874 1196 909 ibi

145 929 303 970 urgentes
322 926 409 960 inter
426 938 461 960 se
481 925 678 961 cedentibus
701 927 858 961 extremis
880 926 920 961 ab
943 939 1030 971 aqua
1049 926 1196 970 trepida-

145 977 246 1012 tionis
276 977 482 1023 aliqnantum
509 976 660 1019 edebant,
692 977 796 1012 donec
825 977 972 1023 quietem
999 977 1070 1022 ipse
1095 978 1196 1011 timor

118 1028 503 1073 Scircumspcctantibus
537 1041 659 1074 aquam
692 1029 836 1063 fecisset.
901 1028 1064 1063 Excidcre
1097 1028 1197 1063 etiam

149 1079 325 1114 saevientes
350 1079 481 1125 quidam
505 1079 540 1113 in
562 1080 694 1121 flumen,
715 1080 773 1114 scd
798 1079 942 1125 pondere
966 1080 1037 1124 ipso
1062 1079 1197 1114 stabiles

151 1130 289 1176 dejectis
312 1130 498 1165 rectoribus
522 1130 706 1176 quaerendis
728 1130 935 1176 pedetentim
960 1130 1052 1165 vadis
1075 1131 1109 1165 in
1131 1134 1198 1165 ter-

153 1194 223 1216 ram
241 1194 386 1216 evasere.

59 1230 144 1271 (29)
202 1233 290 1267 Dum
310 1232 477 1279 elephanti
493 1233 717 1278 trajiciuntur,
734 1233 866 1268 interim
889 1232 1060 1268 Hannibal
1081 1232 1199 1267 Numi-

154 1283 212 1318 das
226 1284 354 1329 equites
373 1285 573 1329 quingentos
588 1284 628 1318 ad
646 1290 755 1319 castra
768 1285 919 1319 Romana
931 1284 1066 1318 miserat
1085 1296 1200 1329 specu-

151 1335 266 1375 latum,
293 1335 349 1370 ubi
374 1341 408 1370 et
434 1338 566 1380 quantae
592 1336 695 1380 copiae
724 1339 836 1370 essent
864 1339 897 1370 et
927 1335 1006 1381 quid
1033 1337 1199 1379 pararent.

121 1386 242 1421 2Huie
268 1386 327 1420 alae
352 1386 502 1431 equitum
527 1386 628 1428 missi,
656 1390 694 1421 ut
718 1390 794 1421 ante
819 1386 946 1421 dictum
970 1389 1031 1427 est,
1051 1385 1091 1420 ab
1114 1385 1200 1420 ostio

150 1436 308 1472 Rhodani
326 1437 467 1471 trecenti
486 1438 713 1472 Romanorum
737 1439 866 1484 equites
891 1440 1090 1472 occurrunt:
1116 1449 1202 1482 proe-

150 1488 232 1523 lium
261 1488 405 1523 atrocius
435 1501 533 1534 quam
562 1501 621 1534 pro
650 1501 788 1524 numero
814 1489 1037 1534 pugnantium
1068 1488 1199 1523 editur:

153 1552 228 1574 nam
261 1542 381 1584 praeter
414 1539 521 1574 multa
560 1541 700 1575 vulnera
732 1540 838 1575 caedes
873 1540 974 1574 etiam
1007 1552 1110 1585 prope
1143 1551 1202 1584 par

152 1590 320 1635 utrimque
342 1590 416 1632 fuit,
436 1591 581 1636 fugaque
607 1594 640 1625 et
665 1604 767 1636 pavor
793 1591 1015 1626 Numidarum
1042 1590 1202 1625 Romanis

125 1643 219 1686 3jam
253 1641 294 1675 ad
327 1641 460 1675 modum
495 1642 590 1676 sessis
624 1642 795 1676 victoriam
829 1642 929 1676 dedit.
979 1642 1133 1675 Victores
1162 1640 1203 1674 ad

155 1695 288 1726 centum
316 1693 489 1737 sexaginta
516 1705 577 1727 nec
600 1705 714 1728 omnes
742 1694 883 1727 Romani
907 1693 965 1728 sed
992 1705 1067 1737 pars
1095 1691 1204 1726 Gallo-

127 1749 241 1786 4ru1u,
271 1744 351 1779 victi
385 1744 525 1791 amplius
558 1744 694 1780 ducenti
723 1745 925 1781 ceciderunt.
975 1745 1050 1779 Hoc
1079 1743 1202 1790 princi-
