1298 1921
402 26 492 57 LIB.
516 26 653 58 XXIII.
678 28 816 59 45—47.
1055 26 1115 56 195

70 69 104 94 A.
117 68 144 93 c.
160 66 231 100 215.]

69 101 245 143 habebant,
271 99 419 146 peditem
447 100 634 136 imbellem:
671 100 824 147 equitatu
849 99 925 146 plus
949 101 1116 146 poterant,

70 153 182 198 itaque
205 152 416 198 equestribus
442 152 565 197 proeliis
588 151 807 187 lacessiebant
830 152 972 187 hostem.
1021 151 1117 185 Inter
1131 158 1169 188 10

69 205 192 241 multos
224 204 350 240 nobiles
382 204 512 250 equites
542 205 730 249 Campanos
761 204 920 239 Cerrinus
951 203 1116 239 Vibellius

69 258 150 297 erat,
185 255 382 302 cognomine
414 256 553 291 Taurea.
603 256 694 291 Civis
726 255 872 291 indidem
905 258 986 297 erat,
1017 256 1117 301 longe
1133 260 1168 290 11

68 307 215 343 omnium
233 307 476 352 Campanorum
495 307 698 342 fortissimus
716 319 827 353 eques,
847 306 928 341 adeo
945 309 994 348 ut,
1013 318 1118 351 quum

69 358 158 405 apud
175 358 347 393 Romanos
370 358 539 400 militaret,
558 371 645 394 unus
668 371 743 394 eum
767 359 938 393 Romanus
957 357 1117 393 Claudius

69 410 204 446 Asellus
227 409 333 456 gloria
358 409 506 455 equestri
529 412 685 456 aequaret.
734 410 838 445 Hune
863 411 992 444 Taurea
1016 421 1119 455 quum
1133 413 1173 443 12

70 461 128 496 diu
160 460 367 507 perlustrans
400 460 505 496 oculis
545 461 774 506 obequitasset
806 461 954 496 hostium
987 460 1118 502 turmis,

70 512 206 548 tandem
229 511 362 547 silentio
383 512 473 547 facto
497 511 556 547 ubi
578 515 667 547 esset
691 512 851 548 Claudius
873 511 1007 547 Asellus
1033 524 1122 557 quae-

71 560 160 605 sivit,
188 568 232 606 et,
263 563 418 609 quoniam
447 563 557 598 verbis
586 575 699 598 seeum
728 563 769 599 de
797 564 924 599 virtute
953 563 1121 609 ambigere

71 614 191 649 solitus
213 618 312 656 esset,
337 627 397 649 cur
420 627 487 649 non
511 614 600 650 ferro
618 615 811 650 decerneret
833 615 995 661 daretque
1012 614 1122 660 opima

72 665 179 710 spolia
194 666 303 701 victus
321 668 379 700 aut
396 666 503 701 victor
525 669 668 711 caperet.
718 667 803 702 Haec
825 666 883 701 ubi
905 666 1019 701 Asello
1041 669 1121 701 sunt
1133 664 1214 707 (47)

72 717 228 752 nuntiata
243 717 278 752 in
300 721 420 759 castra,
444 716 479 752 id
500 717 599 752 modo
621 720 771 753 moratus
794 722 833 752 ut
854 717 1024 753 consulem
1047 730 1122 763 per-

72 771 298 811 cunctaretur,
324 768 485 804 liceretne
513 772 610 804 extra
641 769 790 804 ordinem
820 769 855 804 in
887 773 1122 815 provocantem

72 818 204 854 hostem
230 832 395 866 pugnare,
420 819 584 865 permissu
613 822 687 866 ejus
712 833 804 855 arma
828 820 996 866 extemplo
1022 820 1121 865 cepit,

72 874 319 917 provectusque
357 874 435 906 ante
474 872 638 907 stationes
671 884 757 919 equo
790 872 954 907 Tauream
992 872 1124 906 nomine

73 922 285 967 compellavit
302 922 528 969 congredique
544 923 603 958 ubi
619 923 719 958 vellet
733 924 846 970 jussit.
887 924 909 958 J
911 936 963 958 am
982 922 1124 958 Romani
1135 930 1154 960 2

74 973 116 1008 ad
148 973 375 1020 spectaculum
407 987 528 1020 pugnae
561 977 633 1020 ejus
666 975 859 1022 frequentes
893 975 1053 1017 exierant,
1088 977 1124 1010 et

75 1024 238 1071 Campani
260 1038 327 1060 non
342 1025 465 1060 vallum
486 1025 584 1061 modo
605 1029 790 1062 castrorum
809 1026 868 1062 sed
884 1026 1006 1061 moenia
1022 1026 1122 1061 etiam

73 1076 166 1111 urbis
184 1080 436 1122 prospectantes
454 1077 679 1122 repleverunt.
731 1079 841 1120 Quum
854 1080 924 1123 jam
946 1081 1023 1113 ante
1040 1077 1124 1112 sero·
1137 1085 1156 1115 3

74 1127 168 1163 cibus
194 1127 292 1163 dietis
317 1140 386 1163 rem
411 1127 655 1171 nobffitirssent,
683 1129 815 1164 infestis
844 1129 950 1164 hastis
979 1129 1126 1164 eoncita-

76 1184 155 1214 runt
172 1191 286 1224 equos,
306 1178 383 1214 dein
399 1179 504 1214 libero
521 1180 629 1225 spatio
655 1180 743 1215 inter
765 1193 801 1215 se
823 1180 1032 1215 ludificantes
1056 1180 1127 1215 sine

74 1230 211 1265 vulnere
228 1243 376 1276 putrnam
395 1231 625 1266 extrahebant.
667 1231 753 1266 Tum
771 1233 958 1277 Campanus
976 1232 1126 1266 Romano
1139 1239 1160 1268 4

78 1281 306 1328 “Equorum
331 1282 450 1328 inquit,
474 1284 491 1301 “
505 1283 567 1317 hoc
590 1295 657 1317 non
681 1283 832 1338 equitum
858 1283 921 1318 erit
946 1286 1125 1325 cer,tamen

76 1333 142 1368 nisi
164 1345 182 1368 e
207 1345 324 1378 campo
349 1333 384 1368 in
409 1345 524 1368 cavam
547 1334 634 1369 hanc
657 1347 745 1369 viam
771 1334 978 1370 demittimus
1003 1347 1129 1380 equos:

76 1384 123 1420 ibi
149 1384 240 1419 nullo
267 1384 309 1419 ad
333 1384 542 1430 evagandum
567 1386 675 1431 spatio
701 1387 885 1421 comminus
910 1390 1130 1421 conserentur

77 1436 229 1471 manus.''
279 1436 383 1471 Dicto
405 1448 509 1482 prope
535 1437 634 1472 eitius
659 1449 782 1483 equum
807 1438 842 1473 in
859 1437 945 1473 viam
969 1437 1160 1476 Claudius5

78 1486 220 1532 dejecit:
246 1487 385 1530 Taurea,
403 1487 513 1523 verbis
530 1488 673 1523 ferocior
690 1501 788 1535 quam
805 1501 851 1530 re,
871 1488 1046 1524 “Minime
1063 1489 1129 1523 sis'

78 1537 187 1583 inquit
212 1538 452 1573 “cantherium
475 1539 510 1574 in
534 1539 693 1582 fossam,''
719 1553 791 1586 quae
818 1553 883 1575 vox
907 1540 942 1575 in
966 1540 1129 1575 mstieum

78 1589 156 1624 inde
178 1589 393 1635 proverbium
418 1589 551 1635 prodita
576 1594 637 1626 est.
689 1591 860 1629 Claudius.
888 1604 989 1626 ouum
1016 1604 1054 1626 ea
1079 1592 1163 1630 vi·26

79 1640 179 1686 longe
208 1641 580 1688 perequitasset—quia
603 1642 695 1677 nullo
720 1642 818 1678 obvio
843 1643 1022 1677 hoste—in
1047 1655 1132 1677 cam-

81 1704 160 1738 pum
193 1705 310 1727 rursus
343 1695 480 1727 evectus
513 1693 688 1739 increpans
721 1694 888 1740 ignaviam
918 1695 1024 1729 hostis
1056 1706 1130 1729 cum

82 1755 204 1790 magno
233 1743 356 1791 gaudio
385 1747 419 1780 et
449 1745 674 1790 gratulatione
702 1746 805 1781 victor
838 1746 873 1781 in
900 1749 1010 1781 eastra
1034 1745 1131 1781 redit.
