1298 1921
170 68 210 97 38
424 66 459 96 T.
487 65 604 95 LIVII
634 66 967 98 HISTORIARUM

141 142 199 175 413
222 140 385 182 Taurinis,
408 153 480 186 quae
506 140 619 175 Galliae
641 141 794 187 proxima
818 154 901 188 gens
927 144 1007 184 erat,
1026 108 1220 176 in[AI.t3.fi2a13i

172 192 357 237 digressum
378 204 479 237 quum
506 192 593 226 inter
622 205 734 226 omues
758 196 900 234 constet,
926 205 966 228 eo
990 193 1095 238 magis
1119 193 1221 226 miror

173 243 305 287 ambigi,
325 255 466 288 quanam
484 243 587 287 Alpes
604 244 785 285 transierit,
805 250 838 278 et
863 244 965 288 vulgo
989 243 1122 279 eredere
1144 243 1222 278 Poe-

172 295 398 339 nino—atque
431 293 506 328 inde
538 306 659 328 nomen
687 300 721 329 et
742 297 827 340 jugo
860 295 997 340 Alpium
1032 294 1223 329 inditum—-

172 348 429 391 transgressum,
447 345 583 379 Ooelium
599 357 656 390 per
671 346 843 381 Cremonis
858 346 974 392 jugum
991 346 1099 381 dicere
1113 349 1224 380 trans-

173 396 259 431 isse:
286 396 341 442 qui
369 396 465 430 ambo
494 396 598 430 saltus
627 409 703 431 eum
735 409 802 431 non
830 398 862 432 in
890 398 1051 432 Taurinos
1079 396 1137 431 sed
1164 409 1224 441 per

176 447 324 482 Salassos
349 450 523 481 montanos
549 447 590 481 ad
615 448 741 482 Libuos
769 449 880 483 Gallos
907 448 1126 483 deduxerint:
1160 460 1222 482 nee

175 499 244 533 veri
262 498 366 532 simile
385 501 436 532 est
459 510 497 532 ea
517 501 588 532 tum
614 499 654 533 ad
679 499 818 534 Galliam
845 500 995 544 patuisse
1013 500 1141 540 itinera,
1159 499 1224 533 uti-

176 562 240 595 que
265 562 338 595 quae
363 549 404 583 ad
429 549 603 584 Poeninum
630 551 742 585 ferunt
771 551 921 596 obsa‘pta
945 550 1102 596 gentibus
1127 550 1225 584 501111-

176 600 342 646 germanis
377 600 538 635 fuissent:
582 614 689 646 neque
722 602 858 636 hercule
898 601 1066 636 montibus
1099 601 1161 642 his,
1197 601 1225 635 si

177 664 275 697 quem
293 652 379 686 forte
396 651 429 686 id
446 654 568 692 movet,
587 652 627 687 ab
648 654 794 688 transitu
810 654 988 688 Poenorum
1016 653 1082 687 ullo
1101 652 1225 687 Seduni

177 703 330 749 Veragri,
348 703 463 737 ineolae
477 703 550 749 jugi
568 706 651 748 ejus,
669 704 782 739 norint
799 717 919 739 nomen
936 704 1089 745 inditum,
1109 703 1167 738 sed
1185 703 1226 738 ab

178 767 216 789 eo
235 767 331 800 quem
348 754 384 789 in
401 767 528 789 summo
546 759 712 790 sacratum
736 757 860 791 vertice
882 756 1058 791 Pu=ninum
1077 755 1227 790 montani

180 806 357 851 appellant.

91 857 174 899 (39)
231 858 483 903 Peropportune
506 857 546 892 ad
567 857 728 903 principia
752 871 861 893 rerum
884 858 1047 899 Taurinis,
1067 858 1228 903 proximae

154 909 285 954 2genti,
320 908 479 943 adversus
512 909 672 943 Insubres
704 913 830 944 motum
864 910 985 944 bellum
1018 913 1100 944 crat.
1163 909 1228 943 Sed

181 972 307 994 armare
325 960 507 994 exercitum
522 960 700 1002 Hannibal,
715 964 754 995 ut
773 961 860 1006 parti
878 961 973 995 alteri
991 961 1113 994 auxilio
1127 965 1226 1001 esset,

180 1011 215 1046 in
240 1011 415 1046 reficiendo
441 1011 584 1046 maxime
609 1012 807 1047 sentientem
834 1015 1005 1047 contracta
1030 1016 1106 1046 ante
1131 1011 1226 1054 mala,

181 1075 248 1097 non
272 1065 426 1108 poterat:
463 1063 569 1097 otium
594 1064 681 1097 enim
706 1075 747 1098 ex
771 1063 892 1107 labore,
918 1063 1012 1108 eopia
1036 1076 1079 1097 ex
1104 1063 1226 1107 inopia,

182 1114 293 1149 cultus
327 1126 370 1148 ex
403 1114 515 1149 illuvie
548 1114 690 1160 tabeque
720 1115 869 1160 squalida
897 1118 931 1149 et
962 1127 1062 1160 prope
1092 1114 1229 1149 efferata

183 1178 321 1211 corpora
343 1167 432 1200 varie
458 1165 621 1201 movebat.
671 1167 721 1201 Ea
743 1168 779 1202 P.
799 1166 952 1201 Cornelio
975 1166 1102 1200 consuli
1128 1178 1229 1200 eausa

183 1219 258 1259 fuit,
286 1231 387 1264 quum
414 1218 508 1253 Pisas
533 1219 672 1253 navibus
698 1219 855 1259 venisset,
881 1219 1030 1253 exercitu
1056 1231 1075 1252 a
1101 1218 1228 1252 Manlio

183 1270 355 1315 Atilioque
373 1275 509 1315 accepto
527 1271 633 1305 tirone
660 1273 693 1305 et
710 1271 745 1305 111
762 1271 854 1305 novis
880 1270 1069 1315 ignominiis
1087 1269 1227 1314 trepido,

184 1322 226 1358 ad
255 1323 383 1357 Padum
410 1323 602 1362 festinandi,
630 1327 667 1357 nt
697 1335 770 1358 eum
805 1324 900 1357 hoste
928 1323 1074 1357 nondum
1104 1322 1229 1356 refecto

184 1386 301 1408 manus
319 1378 517 1408 consereret.
567 1374 630 1409 Sed
649 1388 748 1419 quum
768 1375 971 1409 Placentiam
996 1373 1110 1409 consul
1129 1374 1229 1416 venit,

180 1426 248 1471 jam
266 1438 309 1459 ex
327 1426 458 1460 stativis
476 1430 623 1460 moverat
643 1426 810 1460 Hannibal
824 1426 1111 1470 Taurinorumque
1130 1437 1228 1458 unam

184 1476 312 1518 urbem,
339 1480 439 1522 caput
468 1478 578 1521 gentis
607 1478 689 1522 ejus,
717 1478 793 1523 quia
818 1478 959 1511 volentis
988 1477 1022 1511 in
1052 1476 1229 1511 amicitiam

184 1540 250 1563 non
267 1528 429 1570 veniebat,
450 1529 481 1564 vi
499 1532 717 1574 expugnarat,
735 1532 768 1564 et
781 1529 950 1573 junxisset
968 1528 1028 1563 sibi
1053 1540 1120 1561 non
1137 1531 1230 1561 metu

185 1580 290 1614 solum
314 1580 371 1614 sed
392 1580 491 1615 etiam
516 1581 688 1615 voluntate
714 1581 826 1615 Gallos
850 1580 976 1615 accolas
1002 1579 1094 1618 Padi,
1112 1579 1146 1613 111
1173 1591 1229 1612 cos

185 1632 503 1676 circumspectantes
533 1632 728 1667 defectionis
757 1635 891 1676 tempus
921 1631 1032 1665 subito
1066 1630 1229 1664 adventus

155 1688 172 1716 3
185 1682 328 1717 0011511115
346 1684 577 1728 oppressisset.
627 1684 672 1718 Et
691 1683 860 1718 Hannibal
885 1683 988 1716 movit
1006 1695 1046 1716 ex
1063 1681 1226 1722 Taurinis,

183 1734 338 1775 incertos,
367 1747 439 1779 quae
466 1748 542 1780 pars
571 1735 739 1780 sequenda
761 1737 859 1775 esset,
891 1734 1002 1768 Gallos
1032 1736 1229 1778 praescntem

183 1788 385 1831 sequuturos
398 1788 502 1822 ratus.
536 1788 561 1821 J
564 1799 615 1821 am
633 1799 735 1832 prope
749 1786 782 1822 in
796 1788 979 1831 conspeetu
996 1787 1090 1820 erant
1104 1784 1229 1819 exerei-
