1298 1921
407 44 502 76 LlB.
518 43 645 77 XXIV.
668 46 765 76 6—8.
1059 45 1121 78 207

80 88 115 111 A.
128 86 158 111 c.
172 85 243 117 215]

79 118 206 154 laxaret
228 118 352 154 elatum
377 119 495 166 pedem
512 119 553 156 ab
570 119 688 155 stricto
707 119 805 162 nodo,
822 121 972 154 moratus
989 118 1123 155 turbam

79 169 281 206 Dinomenes
303 173 436 206 tantum
459 171 624 206 intervalli
647 171 727 206 fecit
744 175 792 212 ut,
814 183 915 216 quum
933 171 969 205 in
985 173 1123 217 praeter-

77 226 212 256 euntem
245 221 316 257 sine
347 223 482 257 armatis
514 235 626 269 regem
653 222 799 268 impetus
831 222 936 265 fieret,
966 221 1122 258 confode-

76 278 171 307 retur
196 272 322 318 aliquot
349 274 441 319 prius
467 273 659 309 vulneribus
688 286 787 319 quam
815 273 967 308 succurri
994 277 1120 319 posset.

77 323 229 359 Clamore
255 327 289 359 et
315 325 465 360 tumultu
491 326 607 360 audito
632 325 667 360 in
694 325 915 360 Dinomenem
936 324 1006 371 jam
1030 323 1153 361 hand5

76 374 175 410 dubie
201 375 390 411 obstantem
422 376 490 411 tela
521 377 755 422 conjiciuntur,
783 376 872 411 inter
900 388 973 422 quae
1005 381 1118 411 tamen

75 426 206 462 duobus
239 428 385 473 acceptis
413 428 604 463 vulneribus
634 428 751 463 evasit.
799 427 896 474 Fuga
923 427 1151 470 satellitum‚6

74 481 113 512 ut
125 480 293 523 jacentem
311 479 422 514 videre
444 492 568 525 regem,
586 479 674 514 facta
695 482 766 514 est:
792 478 1024 514 interfectores
1042 491 1119 524 pars

73 528 107 563 in
133 530 241 564 forum
266 531 300 565 in
324 530 572 565 multitudinem
595 530 705 565 laetam
729 529 894 572 libertate,
920 542 998 575 pars
1023 530 1120 576 Syra-

73 591 170 615 cusas
199 585 345 626 pergunt
378 581 419 616 ad
451 581 714 627 praeoccupanda
745 580 979 616 Andranodori
1010 581 1120 627 regio-

72 643 212 678 rumque
245 633 385 668 aliornm
417 633 564 668 consilia.
614 633 749 668 Incerto
781 645 893 668 rerum
926 635 1020 668 statu
1053 636 1151 678 Ap.7

73 683 232 719 Claudius
259 684 380 719 bellum
407 685 515 719 oriens
541 697 584 719 ex
610 684 796 730 propinquo
826 697 927 730 quum
955 688 1117 726 cerneret,

71 739 224 770 senatum
241 736 362 770 litteris
387 736 563 771 certiorem
586 735 665 770 fecit
685 735 828 770 Siciliam
847 735 1116 781 Carthaginiensi

70 786 193 831 populo
219 790 253 822 et
280 787 462 822 Hannibali
489 786 666 828 conciliari,
691 786 763 832 ipse
788 785 947 821 adversus
974 787 1118 833 Syracu-

70 849 151 871 sana
166 838 303 873 consilia
325 838 367 873 ad
388 838 593 884 provinciam
617 838 777 884 regnique
800 837 883 873 fines
906 838 1017 873 omnia
1039 850 1118 874 con-

71 888 172 923 vertit
189 889 351 935 praesidia.

116 939 221 975 Exitu
253 941 331 975 anni
359 941 430 986 ejus
459 940 502 980 Q.
519 940 642 976 Fabius
671 952 713 976 ex
745 940 946 975 auctoritate
979 943 1146 976 senatus8

69 990 240 1034 Puteolos,
271 1004 330 1037 per
358 992 480 1027 bellum
511 995 657 1038 coeptum
685 991 893 1038 frequentari
920 992 1114 1037 emporium,

70 1043 253 1078 communit
277 1043 535 1090 praesidiumque
551 1043 731 1089 imposuit:
761 1043 838 1078 inde
855 1043 999 1078 Romam
1016 1044 1118 1079 comi-

68 1093 194 1129 tiorum
211 1106 312 1129 cansa
327 1095 463 1130 veniens
480 1095 516 1130 in
532 1108 606 1130 eum
632 1107 729 1141 quem
747 1094 890 1141 primum
909 1094 995 1129 diem
1019 1095 1116 1130 comi-

68 1145 183 1180 tialem
213 1145 330 1181 habuit
357 1147 491 1182 comitia
515 1146 629 1189 edixit,
656 1149 757 1192 atque
782 1158 826 1181 ex
850 1146 970 1181 itinere
995 1150 1117 1192 praeter

68 1197 185 1232 urbem
207 1198 242 1232 in
258 1210 411 1244 campum
436 1198 617 1234 descendit.
666 1198 716 1233 Eo
739 1198 792 1233 die
817 1210 921 1244 quum
944 1210 1014 1233 sors
1032 1211 1114 1244 prae-
1129 1206 1147 1237 9

67 1249 227 1294 rogativae
249 1250 389 1285 Aniensi
409 1250 581 1296 juniorum
605 1250 732 1285 exisset
755 1262 858 1296 caque
876 1250 913 1285 T.
933 1250 1114 1285 Otacilium

67 1300 116 1335 M.
135 1300 307 1336 AEmilium
324 1301 492 1348 Regillum
511 1301 663 1338 consules
681 1301 815 1343 diceret,
834 1304 907 1336 tum
925 1301 969 1340 Q.
989 1301 1112 1337 Fabius

66 1351 198 1387 silentio
215 1352 303 1388 facto
319 1353 380 1388 tali
402 1354 550 1389 oratione
567 1357 619 1388 est
642 1365 743 1387 usus:
773 1356 792 1370 “
807 1352 842 1387 Si
864 1356 922 1388 aut
944 1365 1060 1398 pacem
1077 1353 1112 1388 in
1126 1352 1182 1394 (8)

66 1403 166 1438 Italia
191 1409 250 1439 aut
278 1404 401 1440 bellum
427 1417 568 1451 eumque
596 1405 726 1440 hostem
752 1403 960 1446 haberemus,
986 1404 1021 1439 in
1046 1417 1111 1450 quo

64 1454 278 1501 negligentias
301 1455 406 1491 laxior
427 1456 520 1491 locus
545 1460 644 1498 esset,
668 1456 724 1502 qui
741 1455 861 1491 vestris
886 1455 1017 1498 studiis,
1037 1469 1111 1502 quae

62 1505 98 1540 in
115 1518 268 1553 campum
292 1507 334 1542 ad
350 1507 553 1543 mandandos
577 1508 696 1554 quibus
715 1507 823 1542 velitis
848 1509 986 1542 honores
1005 1507 1110 1543 adfer-

62 1557 117 1599 tis,
146 1570 273 1593 moram
300 1559 402 1594 ullam
430 1560 574 1602 offerret,
605 1560 632 1595 is
661 1559 743 1594 mihi
774 1571 891 1604 parum
919 1559 1109 1594 meminisse

61 1608 233 1644 videretur
254 1613 374 1645 vestrae
395 1610 580 1646 libertatis:
619 1610 677 1646 sed
702 1623 805 1657 quum
827 1610 862 1645 in
885 1610 948 1645 hoc
970 1610 1057 1646 bello
1074 1611 1109 1646 in

62 1659 124 1696 hoc
148 1660 245 1696 hoste
271 1674 453 1708 numquam
477 1662 518 1698 ab
543 1662 612 1697 ullo
636 1662 720 1697 duce
745 1662 816 1697 sine
840 1662 969 1708 ingenti
994 1667 1110 1697 nostra

62 1711 154 1746 clade
171 1715 318 1747 erratum
337 1715 390 1757 sit,
408 1713 522 1749 eadem
539 1726 598 1749 vos
616 1726 704 1755 cura,
724 1726 790 1759 qua
806 1713 840 1748 in
863 1714 966 1748 aciem
990 1714 1109 1749 armati

62 1762 272 1809 descenditis,
290 1765 373 1801 inire
390 1766 585 1812 suffragium
603 1765 644 1801 ad
661 1764 821 1801 creandos
838 1765 991 1801 consules
1012 1765 1108 1800 decet
