1298 1921
0 0 1298 28 ῤ--ῄ

346 68 437 99 LIB.
462 67 600 100 XXIII.
624 67 761 102 25—27.
1019 69 1079 100 169

31 110 182 191 {iiziliteziii3
184 109 317 179 itersum
341 142 382 179 ab
403 143 564 179 Romanis
581 142 705 179 bellum
731 144 795 185 est,
811 141 1002 188 infestoque
1024 155 1080 178 ex·

30 196 137 231 ercitu
159 195 353 231 Hasdrubal
376 195 549 241 ingressus
573 207 689 241 agrum
714 194 863 230 hostium
887 205 947 240 pro
973 197 1079 240 captae

30 250 106 282 ante
123 247 193 282 dies
210 258 332 290 paucos
349 246 442 282 urbis
462 246 626 282 moenibus
644 245 820 287 Chalbum,
839 244 983 280 nobilem
1000 246 1080 280 Tar-

28 298 188 333 tesiorum
202 298 330 342 ducem,
344 310 419 333 cum
436 297 544 332 valido
558 297 706 332 exercitu
720 297 838 332 castris
856 309 891 331 se
908 299 1077 332 tenentem

28 349 165 395 adgredi
188 349 319 384 statuit.
369 349 547 384 Praemissa
573 349 678 395 igitur
702 348 767 383 levi
799 350 978 390 armatura,
1005 361 1078 394 quae
1094 354 1112 386 7

0 416 2 476 ι
27 400 161 436 eliceret
178 401 292 436 hostes
318 400 359 435 ad
382 404 560 442 certamen,
579 399 730 446 peditum
755 402 887 445 partem
912 399 954 434 ad
977 400 1079 445 depo-

26 451 207 498 pulandum
225 465 284 498 per
302 464 398 498 agros
416 452 539 498 passim
562 451 687 486 dimisit
710 454 749 486 ut
773 450 925 496 palantes
948 450 1077 496 excipe-

25 506 111 538 rent.
162 504 268 539 Simul
292 508 325 538 et
351 504 392 538 ad
418 508 529 538 castra
550 502 717 538 tumultus
743 505 815 537 erat
840 506 874 537 et
896 514 956 548 per
979 508 1109 548 agros8

25 553 172 601 fugaque
197 558 231 590 et
256 556 387 590 caedes:
415 554 533 590 deinde
557 554 706 600 undique
731 553 872 588 diversis
897 553 1077 589 itineribus

26 618 128 652 quum
156 606 192 641 in
216 610 326 642 castra
350 619 385 642 se
413 606 629 651 recepissent,
657 604 740 639 adeo
764 608 906 650 repente
931 604 1077 642 decessit

25 657 143 692 animis
168 670 280 703 pavor,
299 660 338 693 ut
362 669 430 692 non
447 656 489 691 ad
512 657 721 692 munimenta
744 656 843 691 modo
869 656 1078 691 defendenda

25 709 106 743 satis
130 709 315 744 animorum
337 712 427 744 esset
445 708 503 743 sed
521 708 623 743 etiam
646 707 687 742 ad
709 707 939 742 lacessendum
959 708 1077 753 proelio

24 759 165 795 hostem.
215 761 408 805 Erumpunt
436 760 543 805 igitur
571 759 703 805 agmine
737 771 755 794 e
784 759 904 794 castris
934 759 1109 804 tripudi-9

24 814 119 846 antes
142 823 233 846 more
256 823 326 853 suo,
346 811 588 856 repentinaque
611 822 727 845 eorum
752 810 891 845 audacia
913 814 1076 846 terrorem

23 861 114 897 hosti
139 862 238 907 paulo
268 866 346 897 ante
372 863 462 897 ultro
491 861 668 897 lacessenti
693 862 845 896 incussit.
895 862 1017 908 Itaque
1043 866 1076 898 et
1093 869 1132 899 10

22 913 93 959 ipse
110 913 305 949 Hasdrubal
326 914 362 949 in
384 913 501 949 collem
524 914 606 948 satis
630 912 781 955 arduum,
800 916 914 948 tutum
939 914 1078 950 flumine

23 965 124 1000 etiam
141 965 284 1011 objecto,
298 971 370 1000 tum
390 965 502 1010 copias
520 964 677 1000 subducit
695 968 729 999 et
748 965 952 1010 praemissam
969 965 1077 1000 levem

23 1020 225 1051 armaturam
250 1017 446 1062 equitesque
472 1016 599 1061 palatos
627 1015 742 1051 eodem
768 1016 905 1062 recepit,
930 1029 993 1052 nec
1017 1020 1076 1052 aut

22 1067 98 1103 colli
115 1071 174 1103 aut
190 1068 318 1103 flumini
343 1069 425 1103 satis
443 1067 548 1103 fidens
566 1071 675 1103 castra
691 1067 778 1102 vallo
791 1069 983 1113 ⁴permunit.
1035 1070 1077 1104 In
1092 1074 1128 1104 ll
1163 1062 1171 1069 ’

48 1131 86 1154 oc
110 1119 239 1154 alterno
264 1131 386 1165 pavore
411 1120 593 1154 certamina
618 1119 745 1165 aliquot
771 1122 852 1154 sunt
878 1123 1074 1156 contracta:

45 1182 84 1206 ec
112 1170 262 1206 Numida
294 1171 449 1216 Hispano
482 1183 584 1217 eques
617 1183 678 1216 par
710 1170 786 1213 fuit,
817 1183 879 1206 nec
907 1172 1076 1216 jaculator

66 1234 166 1257 aurus
190 1225 338 1264 caetrato,
363 1222 541 1258 velocitate
563 1223 645 1269 pari,
668 1222 787 1258 robore
812 1223 913 1258 animi
938 1224 1075 1259 virium-

43 1286 85 1308 ue
114 1274 321 1320 aliquantum
354 1274 539 1320 praestanti.
588 1275 774 1319 Postquam
812 1287 921 1321 neque
955 1275 1073 1311 elicere
1085 1277 1168 1319 (27)

51 1338 164 1360 oenum
187 1326 229 1361 ad
253 1329 423 1361 certamen
446 1326 616 1362 obversati
636 1326 756 1361 castris
781 1329 941 1371 poterant
964 1339 1074 1373 neque

40 1380 206 1412 astrorum
223 1378 431 1424 oppugnatio
454 1377 561 1413 facilis
585 1381 667 1420 erat,
686 1377 803 1413 urbem
828 1379 987 1421 Ascuam,
1007 1391 1074 1425 quo

43 1441 101 1463 nes
124 1429 273 1464 hostium
302 1429 493 1476 ingrediens
523 1429 720 1464 Hasdrubal
750 1429 959 1465 frumentum
984 1442 1074 1465 com-

53 1483 216 1526 eatusque
238 1480 319 1516 alios
345 1484 554 1523 convexerat,
577 1481 611 1515 vi
635 1481 772 1526 capiunt
797 1481 955 1527 omnique
980 1483 1071 1517 circa

40 1544 99 1567 vro
122 1532 308 1576 potiuntur,
330 1545 393 1568 nec
410 1535 482 1578 jam
504 1536 562 1567 aut
586 1532 621 1567 in
647 1528 779 1578 agmine
807 1536 866 1568 aut
892 1533 927 1568 in
951 1534 1072 1568 castris

67 1595 87 1618 o
104 1583 244 1629 imperio
261 1584 435 1619 contineri.
485 1584 599 1622 Quam
621 1584 679 1619 ubi
696 1584 939 1630 negligentiam
963 1597 1007 1620 ex
1024 1597 1069 1627 re,
1085 1595 1104 1625 2

42 1635 122 1677 tfit,
141 1635 225 1670 bene
248 1638 346 1681 gesta
367 1636 448 1671 oriri
470 1638 621 1670 senserat
648 1635 856 1676 Hasdrubal,
874 1636 1071 1672 cohortatus

52 1679 140 1722 ilites
173 1690 213 1722 ut
244 1687 374 1733 palatos
408 1687 479 1722 sine
512 1687 617 1733 signis
646 1687 762 1722 hostes
796 1687 1070 1733 adgrederentur,

42 1750 198 1784 egressus
231 1738 314 1773 colle
347 1738 460 1784 pergit
492 1738 540 1773 ire
574 1738 644 1773 acie
675 1738 843 1773 instructa
875 1739 917 1774 ad
950 1744 1070 1775 castra.

54 1802 128 1825 uem
148 1795 186 1825 ut
204 1789 320 1825 adesse
343 1788 553 1826 tumultuose
577 1790 688 1825 nuntii
710 1790 918 1836 refugientes
940 1804 982 1826 ex
999 1804 1071 1837 spe·
1084 1802 1105 1832 3
