1298 1921
347 67 437 98 LIB.
463 67 600 99 XXIII.
625 69 762 99 22—24.
1023 68 1082 99 165

35 109 58 134 Α
81 108 110 133 C.
124 107 194 137 216.]

34 141 190 177 dictatori
214 137 279 176 nisi
301 141 350 176 rei
374 141 529 188 gerendae
553 153 655 177 causa
675 143 788 177 creato
810 141 846 177 in
866 153 926 177 sex
951 153 1084 177 menses

34 192 150 227 datum
175 191 362 237 imperium.
413 193 500 231 Quae
531 193 749 228 immoderata
780 193 849 228 fors
882 196 1018 238 tempus
1047 194 1119 228 ac2

33 243 216 279 necessitas
249 243 377 285 fecerit,
407 243 459 279 his
488 256 525 279 se
556 244 693 279 modum
724 244 981 290 impositurum:
1008 256 1086 278 nam

33 305 142 340 neque
160 296 280 329 senatu
304 306 504 340 quemquam
523 298 694 330 moturum
720 307 760 330 ex
781 295 832 339 iis,
850 307 934 341 quos
953 294 991 329 C.
1010 294 1086 330 Fla-

33 345 156 381 minius
176 345 217 380 L.
229 345 386 380 AEmilius
403 358 558 381 censores
574 346 610 381 in
627 349 781 381 senatum
805 346 977 392 legissent,
994 348 1087 380 tran-

35 396 135 432 scribi
152 398 284 431 tantum
301 397 501 443 recitarique
523 409 579 432 eos
595 398 776 443 jussurum,
797 410 838 432 ne
855 409 959 443 penes
981 409 1087 431 unum

34 446 203 482 hominem
228 447 392 493 judicium
419 448 660 494 arbitriumque
689 448 730 484 de
756 448 844 483 fama
871 460 909 483 ac
936 447 1086 483 moribus

36 498 200 534 senatoris
224 499 336 541 fuerit,
361 502 395 534 et
417 499 466 534 ita
486 499 522 534 in
547 499 799 534 demortuorum
822 499 935 534 locum
960 498 1087 534 sublec-

34 552 161 592 turum,
179 551 219 584 ut
235 550 317 585 ordo
334 550 442 585 ordini
462 562 531 585 non
554 550 653 585 homo
678 551 804 585 homini
820 550 980 597 praelatus
997 549 1088 585 vide-

36 604 140 636 retur.
174 601 333 636 Recitato
350 604 463 636 vetere
480 604 602 636 senatu
617 601 694 636 inde
711 601 834 647 primos
848 602 884 636 in
897 601 1087 636 demortuo·
1102 608 1122 637 3

35 664 111 687 rum
131 652 243 687 locum
267 652 360 697 legit,
385 652 443 698 qui
470 655 548 697 post
573 652 614 687 L.
633 652 807 688 AEmilium
831 652 869 688 C.
888 652 1090 687 Flaminium

37 715 190 738 censores
216 704 366 738 curulem
391 703 627 750 magistratum
655 704 823 749 cepissent
852 715 913 738 nec
942 703 1021 738 dum
1054 703 1089 738 in

37 758 191 789 senatum
216 754 294 790 lecti
317 760 441 790 essent.
494 755 542 790 Ut
565 755 705 801 quisque
729 767 842 790 eorum
867 757 1005 789 senatus
1022 754 1121 800 pri-4

36 818 113 841 mus
136 808 269 841 creatus
294 809 376 849 erat,
401 809 474 841 tum
498 806 581 852 legit
605 807 663 852 qui
687 806 801 841 aediles
826 806 955 841 tribuni
983 805 1089 851 plebis

38 859 265 904 quaestoresve
282 857 415 892 fuerant
430 873 437 892 ι
463 860 537 892 tum
554 870 598 892 ex
614 857 666 892 his
691 857 749 904 qui
770 857 1007 903 magistratum
1022 869 1091 892 non

38 910 217 954 cepissent,
239 910 297 956 qui
321 910 428 956 spolia
450 922 494 945 ex
518 910 616 945 hoste
640 910 709 945 fixa
733 909 824 945 domi
845 909 1009 945 haberent
1030 911 1089 944 aut

38 961 177 996 civicam
194 973 349 996 coronam
366 961 583 1007 accepissent.
633 961 689 996 Ita
711 964 847 996 centum
873 961 1121 1007 septuaginta5

39 1015 168 1058 septem
185 1025 261 1048 cum
278 1013 408 1059 ingenti
425 1013 664 1059 adprobatione
686 1013 858 1048 hominum
875 1013 910 1047 in
934 1015 1090 1048 senatum

37 1064 135 1099 lectis
153 1064 322 1110 extemplo
340 1077 375 1099 se
392 1064 594 1110 magistratu
619 1063 796 1108 abdicavit,
814 1064 1033 1110 privatusque
1050 1063 1091 1099 de

38 1115 175 1150 Rostris
200 1115 372 1150 descendit
397 1115 570 1151 lictoribus
593 1115 684 1151 abire
704 1115 833 1161 jussis:
858 1115 1034 1161 turbaeque
1055 1127 1092 1150 se

38 1166 221 1202 immiscuit
249 1167 398 1212 privatas
427 1167 600 1213 agentium
627 1179 692 1209 res,
723 1170 856 1213 tempus
885 1166 949 1202 hoc
976 1166 1092 1201 sedulo

38 1220 163 1260 terens,
193 1230 235 1253 ne
262 1218 449 1253 deducendi
477 1218 530 1253 sui
554 1230 657 1254 causa
684 1218 848 1264 populum
873 1217 914 1253 de
938 1218 1011 1253 foro
1036 1217 1094 1253 ab·

39 1269 177 1304 duceret
193 1285 200 1304 :
226 1282 335 1316 neque
352 1273 467 1304 tamen
483 1270 633 1316 elanguit
650 1282 731 1305 cura
755 1269 928 1304 hominum
946 1281 985 1305 ea
1000 1279 1093 1304 mora

38 1321 299 1367 frequentesque
316 1333 393 1356 eum
410 1321 545 1356 domum
569 1321 794 1356 deduxerunt.
844 1321 972 1356 Consul
993 1324 1125 1356 nocte6

38 1372 230 1418 insequenti
246 1372 288 1407 ad
304 1372 490 1407 exercitum
507 1372 594 1408 redit
611 1385 678 1407 non
695 1372 785 1407 facto
802 1372 944 1407 certiore
961 1375 1093 1417 senatu,

38 1435 81 1458 ne
99 1423 310 1458 comitiorum
326 1435 427 1459 eausa
442 1423 478 1458 in
493 1423 577 1459 urbe
594 1425 806 1459 retineretur.

85 1475 228 1510 Postero
245 1475 298 1510 die
315 1475 490 1510 consultus
511 1487 530 1510 a
546 1475 608 1510 Μ’.
628 1475 815 1521 Pomponio
831 1477 974 1521 praetore
996 1487 1092 1510 sena·
1106 1472 1189 1515 (24)

39 1528 96 1561 tus
122 1525 270 1561 decrevit
295 1526 453 1561 dictatori
478 1526 690 1562 scribendum
714 1527 776 1569 uti,
802 1526 831 1562 si
855 1538 874 1562 e
899 1539 934 1562 re
959 1526 1094 1572 publica

40 1580 192 1613 censeret
221 1590 305 1619 esse,
336 1577 378 1612 ad
406 1578 559 1613 consules
592 1577 822 1624 subrogandos
854 1578 985 1613 veniret
1018 1590 1094 1613 cum

39 1628 201 1674 magistro
225 1629 376 1674 equitum
400 1631 435 1664 et
462 1633 606 1674 praetore
631 1630 679 1664 M.
698 1629 870 1672 Marcello,
901 1632 940 1664 ut
969 1642 1014 1665 ex
1041 1629 1095 1665 his

41 1679 266 1725 praesentibus
282 1692 422 1715 noscere
439 1683 553 1726 patres
576 1684 725 1726 possent,
745 1693 810 1727 quo
833 1683 927 1716 statu
943 1693 996 1716 res
1014 1681 1096 1727 pub-

41 1730 105 1766 lica
129 1734 229 1774 esset,
249 1731 453 1777 consiliaque
486 1744 528 1767 ex
552 1732 652 1767 rebus
678 1735 845 1777 caperent.
896 1732 967 1770 Qui
998 1731 1129 1770 acciti2

41 1785 139 1818 erant
166 1794 282 1818 omnes
310 1785 476 1819 venerunt
507 1783 636 1819 relictis
665 1783 788 1829 legatis
817 1783 876 1830 qui
907 1783 1098 1830 legionibus
