1298 1921
385 18 477 50 LIB.
499 16 636 49 XXIII.
660 17 796 48 20—22.
1050 17 1112 48 163

62 61 235 131 xia‘i'affiiiis
252 94 350 129 sociis
367 105 476 139 neque
500 91 705 138 stipendium
721 103 830 137 neque
846 90 1052 126 frumentum
1071 89 1113 125 ad

62 146 147 182 diem
166 145 247 187 dari,
266 157 374 190 neque
395 144 484 179 unde
507 143 606 179 detur
628 156 723 179 esse:
749 154 951 188 magnopere
973 141 1113 177 suadere

61 201 101 233 ut
118 209 216 243 quam
234 197 380 242 primurn
402 209 441 230 ea
462 195 651 238 mittantur,
670 195 809 241 sibique,
829 194 857 229 si
879 194 928 229 ita
948 193 1111 235 videatur,

61 261 104 284 ex
128 248 223 283 novis
246 246 448 293 praetoribus
473 258 699 281 successorem
723 246 872 281 mittant.
920 245 1146 290 Eademque2

62 300 168 335 ferme
191 298 231 334 de
255 298 423 344 stipendio
448 298 685 344 frumentoque
706 297 746 332 ab
769 298 810 331 A.
830 296 984 331 Cornelio
1005 296 1115 330 Mam-

62 350 153 386 mula
171 353 375 396 propraetore
393 362 435 384 ex
449 349 600 384 Sardinia
617 349 751 394 scripta.
799 348 1013 394 Responsum
1030 347 1114 382 utri·
1127 354 1147 384 3

62 414 137 448 que,
164 413 232 436 non
252 413 325 436 esse
349 400 438 435 unde
463 400 666 442 mitteretur,
685 400 837 446 jussique
862 399 928 444 ipsi
952 398 1132 434 classibus.

61 457 162 499 atque
179 452 381 488 exercitibus
406 452 475 487 suis
501 451 683 486 consulere.
733 452 770 486 T.
790 450 955 486 Otacilius
978 449 1020 485 ad
1041 450 1149 484 uni-4

59 517 136 540 cum
154 503 340 539 subsidium
357 503 471 549 populi
488 503 631 538 Romani
654 503 838 538 Hieronem
856 503 986 548 legatos
1012 514 1116 546 quum

58 556 216 597 misisset,
235 555 270 590 in
293 555 495 600 stipendium
519 555 634 600 quanti
661 555 792 601 argenti
809 566 895 599 opus
912 554 977 588 fuit
1002 556 1037 588 et
1054 565 1117 588 sex

59 619 213 643 mensum
231 607 437 641 frumentum
459 606 610 652 accepit:
636 606 792 641 Cornelio
809 607 844 640 in
870 605 1022 641 Sardinia
1039 605 1117 640 civi·

60 661 150 694 tates
180 658 277 693 sociae
309 657 454 704 benigne
482 657 707 693 contulerunt.
756 658 803 693 Et
837 658 953 692 Romae
984 662 1149 703 quoque5

60 714 199 756 propter
215 710 387 755 penuriam
409 709 541 755 argenti
565 709 735 744 triumviri
759 709 917 744 mensarii
942 709 1117 755 rogatione

60 761 110 797 M.
128 761 273 796 Minucii
294 760 424 796 tribuni
448 760 553 807 plebis
577 761 659 796 sacti
682 762 721 796 L.
733 761 891 796 AEmilius
915 761 1040 806 Papus,
1060 760 1118 806 qui

61 812 178 848 consul
195 824 379 858 censorque
401 812 523 854 fuerat,
543 819 578 848 et
594 813 645 847 M.
657 812 783 848 Atilius
800 811 965 859 Regulus,
985 812 1043 858 qui
1065 812 1117 847 bis

60 864 179 900 consul
195 864 316 908 fuerat,
334 866 368 898 et
393 863 434 899 L.
455 864 648 899 Scribonius
670 864 767 907 Libo,
786 864 843 910 qui
864 869 937 899 tum
959 863 1117 899 tribunus

60 916 167 963 plebis
185 919 267 951 erat.
316 916 362 950 Et
388 915 556 950 duumviri
582 916 685 951 creati
710 917 759 950 M.
776 919 810 951 et
836 916 875 951 C.
894 915 990 951 Atilii
1013 916 1116 951 aedem
1131 919 1151 951 6

61 967 268 1010 Concordiae,
286 979 385 1013 quam
405 967 446 1002 L.
464 967 614 1002 Manlius
631 971 756 1013 praetor
776 970 924 1009 voverat,
944 967 1118 1002 dedicave-

61 1022 153 1054 runt.
202 1019 248 1053 Et
274 1021 343 1053 tres
368 1018 544 1064 pontifices
570 1019 684 1061 creati,
712 1019 755 1057 Q.
775 1019 930 1054 Caecilius
954 1018 1150 1058 Metellus?

61 1073 97 1105 et
115 1070 158 1108 Q.
177 1069 302 1104 Fabius
320 1069 491 1104 Maximus
509 1074 543 1105 et
561 1070 604 1109 Q.
623 1070 764 1106 Fulvius
781 1070 932 1113 Flaccus,
950 1070 985 1105 in
1007 1070 1115 1105 locum

61 1122 101 1157 P.
121 1120 285 1156 Scantinii
301 1120 468 1155 demortui
485 1124 520 1156 et
536 1121 576 1156 L.
589 1122 718 1158 AEmilii
740 1121 839 1157 Pauli
856 1122 1001 1158 consulis
1021 1124 1056 1156 et
1074 1123 1113 1164 Q.

60 1172 142 1208 AElii
158 1172 254 1213 Paeti,
274 1172 331 1218 qui
347 1172 537 1208 ceciderant
555 1186 668 1220 pugna
685 1173 863 1208 Cannensi.

109 1224 220 1266 Quum
238 1227 368 1265 caetera,
387 1236 461 1269 quae
483 1225 651 1259 continuis
672 1224 822 1260 cladibus
848 1225 983 1259 fortuna
1004 1219 1208 1263 minu-(22)

60 1278 144 1318 erat,
159 1282 322 1321 quantum
340 1275 487 1310 consiliis
500 1275 655 1311 humanis
669 1276 807 1322 adsequi
821 1279 988 1321 poterant,
1002 1279 1117 1321 patres

61 1327 266 1373 explessent,
298 1327 435 1362 tandem
467 1340 503 1363 se
536 1341 668 1375 quoque
701 1332 736 1364 et
769 1328 982 1364 solitudinem
1017 1329 1118 1364 curiae

61 1379 335 1425 paucitatemque
363 1380 635 1415 convenientium
664 1380 705 1415 ad
738 1380 908 1426 publicum
941 1380 1116 1415 consilium

63 1435 299 1476 respexerunt.
356 1430 479 1476 Neque
512 1431 599 1466 enim
633 1434 711 1477 post
744 1431 785 1467 L.
803 1431 976 1466 AEmilium
1010 1434 1044 1466 et
1078 1431 1115 1466 C.
1131 1437 1150 1466 2

61 1481 265 1517 Flaminium
290 1493 444 1516 censores
469 1486 608 1518 senatus
633 1483 742 1518 lectus
768 1483 889 1524 fuerat,
917 1495 1019 1529 quum
1043 1485 1119 1517 tan-

61 1535 137 1568 tum
162 1535 356 1568 senatorum
379 1532 526 1569 adversae
550 1547 685 1581 pugnae,
712 1534 754 1569 ad
779 1534 843 1570 hoc
872 1535 924 1569 sui
952 1546 1118 1580 quemque

61 1596 161 1619 casus
178 1596 239 1630 per
262 1584 528 1630 quinquennium
552 1585 831 1631 absumpsissent.
881 1586 997 1624 Quum
1021 1585 1062 1620 de
1080 1597 1119 1620 ea
1133 1595 1152 1624 3

62 1647 99 1670 re
130 1635 195 1670 M’.
213 1635 420 1681 Pomponius
451 1640 585 1682 praetor,
618 1637 783 1672 dictatore
824 1640 900 1684 post
934 1637 1119 1672 Casilinum

62 1686 224 1722 amissum
257 1686 411 1731 profecto
441 1689 512 1732 jam
554 1688 596 1723 ad
630 1689 827 1731 exercitum,
859 1688 1119 1734 exposcentibus

62 1738 195 1774 cunctis
211 1737 411 1780 rettulisset,
429 1741 503 1774 tum
525 1740 582 1785 Sp.
600 1740 777 1782 Carvilius,
805 1753 908 1787 quum
932 1740 1033 1786 longa
1050 1751 1120 1775 ora-
1151 1761 1154 1764 ·
