1262 1854
397 101 787 145 ARGUMENTA

295 229 549 262 LIBRORUM
575 226 892 260 LIVIANORUM.

494 449 575 480 LIB.
600 449 689 478 XXI.

137 505 174 534 IN
190 505 316 535 Italiam
331 504 404 534 belli
419 504 526 533 Punici
540 504 666 533 secundi
681 507 768 533 ortus
781 505 935 538 narratur,
949 505 982 532 et
995 502 1082 532 Han-

98 545 209 574 nibalis
223 545 386 574 Poenorum
402 544 489 572 ducis
502 546 610 571 contra
620 543 719 571 foedus
733 552 789 580 per
803 542 954 571 Hiberum
968 542 1082 570 flumen

99 585 258 618 transitus,
275 593 293 612 a
308 592 368 620 quo
383 581 556 619 Saguntum
571 582 723 610 sociorum
738 581 847 619 populi
861 581 994 610 Romani
1008 581 1082 609 civi-

97 626 147 651 tas
167 622 290 650 obsessa
311 624 420 650 octavo
440 630 545 649 mense
561 625 656 657 capta
673 624 730 648 est.
771 619 818 648 De
837 620 949 657 quibus
964 619 1083 656 injuriis

99 661 183 690 missi
205 660 300 697 legati
317 659 356 688 ad
379 659 650 695 Carthaginienses
667 659 719 696 qui
740 661 959 696 quererentur:
985 667 1081 695 quum

97 700 274 731 satisfacere
297 698 423 731 nollent,
445 697 559 728 bellum
581 698 619 726 iis
640 698 791 726 indictum
819 700 875 726 est.
921 696 1080 726 Hannibal

97 742 243 774 superato
257 737 404 774 Pyrenaeo
419 736 500 765 saltu
517 745 574 773 per
590 736 707 765 Gallias
725 736 801 765 fusis
815 735 945 770 Volscis,
959 736 1010 773 qui
1025 735 1079 763 ob-

96 777 205 805 sistere
219 776 322 805 conati
341 779 439 811 erant,
457 775 496 804 ad
518 775 615 812 Alpes
631 776 725 810 venit,
743 780 774 804 et,
790 775 942 807 laborioso
959 783 1016 812 per
1029 783 1082 802 eas

99 815 240 850 transitu,
268 824 363 852 quum
385 817 550 843 montanos
569 823 691 851 quoque
712 813 817 842 Gallos
837 814 941 842 obvios
963 813 1080 850 aliquot

96 854 212 891 proelijs
232 853 428 891 reppulisset,
450 852 611 881 descendit
630 853 661 881 in
684 853 806 881 Italiam
824 856 856 881 et
876 852 916 881 ad
937 852 1080 880 Ticinum

96 893 209 921 fiumen
225 892 381 921 Romanos
394 892 530 929 equestri
543 892 651 929 proelio
661 891 751 927 fudit,
765 892 797 920 in
811 900 872 928 quo
885 891 1080 920 vulneratum

97 930 130 960 P.
146 931 321 960 Cornelium
336 930 511 968 Scipionem
526 931 664 968 protexit,
682 931 772 965 filius,
789 930 842 967 qui
857 930 995 958 Africani
1008 932 1082 966 post

96 979 133 998 ea
153 979 265 998 nomen
287 970 415 1007 accepit.
458 969 637 1006 Rerumque
655 970 792 998 exercitu
811 969 951 998 Romano
967 968 1008 996 ad
1023 968 1080 996 flu-

97 1018 168 1037 men
195 1008 340 1037 Trebiam
368 1009 435 1036 fuso
462 1008 622 1036 Hannibal
650 1008 849 1045 Apenninum
876 1016 998 1044 quoque
1024 1016 1081 1044 per

96 1056 241 1084 magnam
256 1047 391 1075 militum
404 1047 599 1076 vexationem
610 1050 739 1084 propter
752 1047 814 1074 vim
825 1046 946 1083 frigoris
957 1049 989 1074 et
1002 1048 1080 1074 tem-

96 1090 254 1123 pestatum
269 1086 401 1114 transiit.
443 1085 498 1114 Cn.
513 1085 671 1115 Cornelius
686 1086 788 1122 Scipio
801 1086 833 1113 in
842 1085 996 1122 Hispania
1010 1094 1080 1112 eon-

96 1129 145 1153 tra
173 1124 282 1153 Poenos
308 1133 457 1162 prospere
483 1125 635 1161 pugnaxdt
661 1124 740 1152 duce
762 1124 899 1153 hostium
926 1123 1081 1152 Hannone

95 1167 199 1201 capto.

480 1217 558 1246 LIB.
581 1217 688 1246 XXII.

134 1272 318 1301 HANNIBAL
337 1281 394 1309 per
421 1271 583 1300 continuas
608 1272 729 1309 vigilias
748 1272 780 1300 in
800 1271 966 1309 paludibus
992 1271 1080 1300 oculo

95 1312 207 1340 amisso
227 1311 312 1339 venit
331 1311 363 1339 in
384 1310 560 1339 Etruriam:
582 1320 639 1348 per
659 1320 736 1348 quas
756 1311 886 1348 paludes
905 1310 1080 1348 quadriduo

95 1353 128 1379 et·
143 1350 243 1379 tribus
261 1350 404 1378 noctibus
422 1349 488 1377 sine
509 1349 571 1378 ulla
590 1350 696 1386 requie
715 1350 776 1378 iter
794 1350 878 1378 fecit.
917 1349 950 1378 C.
966 1349 1080 1378 Flami-

94 1390 164 1418 nius
186 1389 301 1425 consul,
326 1389 372 1416 vir
393 1389 587 1424 temerarius,
611 1393 720 1417 eontra
746 1389 883 1426 auspicia
908 1389 1076 1426 profectus,

96 1428 193 1465 signis
212 1427 397 1456 militaribus
417 1426 533 1455 effossis
553 1437 622 1464 quae
642 1427 708 1456 tolli
728 1437 789 1456 non
809 1431 965 1465 poterant,
987 1430 1020 1456 et
1039 1427 1080 1456 ab

95 1475 174 1503 equo
187 1475 280 1503 quem
294 1465 516 1495 conscenderat
532 1475 588 1502 per
604 1469 700 1503 caput
716 1466 887 1502 devolutus,
904 1466 1025 1495 insidiis
1038 1466 1079 1495 ab

95 1504 272 1533 Hannibale
292 1505 519 1533 circumventus
540 1504 580 1533 ad
607 1505 854 1534 Trasumennum
876 1505 979 1535 laeum
1007 1514 1078 1534 cum

95 1544 233 1572 exercitu
255 1553 350 1572 caesus
372 1547 429 1571 est.
473 1542 532 1571 Sex
554 1544 660 1579 millia,
687 1553 753 1581 quae
780 1548 957 1581 eruperant,
974 1544 1035 1572 fide
1059 1553 1078 1572 a

95 1582 276 1611 Maharbale
293 1582 367 1611 data
382 1581 515 1618 perfidia
535 1582 720 1611 Hannibalis
733 1583 837 1612 vincta
851 1585 933 1611 sunt.
975 1582 1076 1618 Quum

94 1620 135 1650 ad
157 1621 300 1650 nuntium
321 1620 418 1649 cladis
439 1619 543 1651 Romae
563 1621 666 1650 luctus
685 1624 777 1657 esset,
801 1621 868 1650 duae
894 1624 1012 1650 matres
1038 1630 1077 1650 ex

93 1660 252 1697 insperato
272 1659 406 1696 receptis
425 1658 496 1687 filiis
515 1660 628 1698 gaudio
647 1664 776 1689 mortuae
802 1663 883 1689 sunt,
923 1660 971 1689 Ob
996 1660 1078 1688 hanc

90 1699 209 1727 cladem
223 1708 262 1727 ex
278 1698 435 1736 Sibylhnis
447 1699 533 1728 libris
547 1709 600 1727 ver
613 1708 735 1727 sacrum
749 1706 866 1729 votum.
910 1698 1010 1734 Quum
1026 1699 1078 1727 de—

91 1737 164 1767 inde
178 1737 214 1773 Q.
234 1737 348 1770 Fabius
368 1737 524 1766 Maximus
544 1737 680 1766 dictator
700 1738 848 1767 adversus
868 1737 1078 1767 Hannibalem
