<?xml version="1.0" encoding="UTF-8"?>
<!DOCTYPE html PUBLIC "-//W3C//DTD XHTML 1.0 Transitional//EN"
    "http://www.w3.org/TR/xhtml1/DTD/xhtml1-transitional.dtd">
<html xmlns="http://www.w3.org/1999/xhtml" xml:lang="en" lang="en">
 <head>
  <title>
</title>
<meta http-equiv="Content-Type" content="text/html;charset=utf-8" />
  <meta name='ocr-system' content='tesseract 3.04.00' />
  <meta name='ocr-capabilities' content='ocr_page ocr_carea ocr_par ocr_line ocrx_word'/>
</head>
<body>
  <div class='ocr_page' id='page_1' title='image "./booksxxixxivwith00livyuoft_0196.png"; bbox 0 0 1298 1921; ppageno 0'>
   <div class='ocr_carea' id='block_1_1' title="bbox 185 31 1271 154">
    <p class='ocr_par' dir='ltr' id='par_1_1' title="bbox 185 31 1271 154">
     <span class='ocr_line' id='line_1_1' title="bbox 185 31 1271 90; baseline 0.004 -28"><span class='ocrx_word' id='word_1_1' title='bbox 185 31 247 64; x_wconf 76' lang='lat'>174</span> <span class='ocrx_word' id='word_1_2' title='bbox 426 32 466 62; x_wconf 90' lang='lat' dir='ltr'>T.</span> <span class='ocrx_word' id='word_1_3' title='bbox 491 32 611 62; x_wconf 78' lang='lat' dir='ltr'>LIVII</span> <span class='ocrx_word' id='word_1_4' title='bbox 637 33 971 65; x_wconf 84' lang='lat' dir='ltr'><strong>HISTORIARUM</strong></span> <span class='ocrx_word' id='word_1_5' title='bbox 1217 77 1230 90; x_wconf 51' lang='grc' dir='ltr'><strong>Γ</strong></span> <span class='ocrx_word' id='word_1_6' title='bbox 1270 79 1271 82; x_wconf 14' lang='lat'>¹</span> 
     </span>
     <span class='ocr_line' id='line_1_2' title="bbox 185 76 1240 154; baseline 0.004 -14"><span class='ocrx_word' id='word_1_7' title='bbox 185 106 273 141; x_wconf 86' lang='lat' dir='ltr'>inter</span> <span class='ocrx_word' id='word_1_8' title='bbox 297 105 481 141; x_wconf 83' lang='lat' dir='ltr'>tumultum</span> <span class='ocrx_word' id='word_1_9' title='bbox 507 108 612 152; x_wconf 82' lang='lat' dir='ltr'>captae</span> <span class='ocrx_word' id='word_1_10' title='bbox 629 107 721 142; x_wconf 86' lang='lat' dir='ltr'>urbis</span> <span class='ocrx_word' id='word_1_11' title='bbox 739 120 757 143; x_wconf 88' lang='lat' dir='ltr'>e</span> <span class='ocrx_word' id='word_1_12' title='bbox 781 108 891 143; x_wconf 86' lang='lat' dir='ltr'>media</span> <span class='ocrx_word' id='word_1_13' title='bbox 915 108 1005 144; x_wconf 83' lang='lat' dir='ltr'>caede</span> <span class='ocrx_word' id='word_1_14' title='bbox 1032 76 1167 154; x_wconf 55' lang='lat' dir='ltr'>quigaicn</span> <span class='ocrx_word' id='word_1_15' title='bbox 1182 76 1240 144; x_wconf 37' lang='lat' dir='ltr'>iifl</span> 
     </span>
    </p>
   </div>
   <div class='ocr_carea' id='block_1_2' title="bbox 137 157 1282 1792">
    <p class='ocr_par' dir='ltr' id='par_1_2' title="bbox 154 157 1240 306">
     <span class='ocr_line' id='line_1_3' title="bbox 154 157 1239 206; baseline 0.004 -15"><span class='ocrx_word' id='word_1_16' title='bbox 154 163 170 196; x_wconf 78' lang='grc'>7</span> <span class='ocrx_word' id='word_1_17' title='bbox 186 157 312 202; x_wconf 71' lang='lat' dir='ltr'>fugere.</span> <span class='ocrx_word' id='word_1_18' title='bbox 360 158 405 192; x_wconf 76' lang='lat' dir='ltr'>Et</span> <span class='ocrx_word' id='word_1_19' title='bbox 422 158 610 193; x_wconf 83' lang='lat' dir='ltr'>Locrenses</span> <span class='ocrx_word' id='word_1_20' title='bbox 631 158 799 194; x_wconf 83' lang='lat' dir='ltr'>descivere</span> <span class='ocrx_word' id='word_1_21' title='bbox 816 160 858 194; x_wconf 87' lang='lat' dir='ltr'>ad</span> <span class='ocrx_word' id='word_1_22' title='bbox 881 160 1034 194; x_wconf 86' lang='lat' dir='ltr'>Bruttios</span> <span class='ocrx_word' id='word_1_23' title='bbox 1052 160 1239 206; x_wconf 82' lang='lat' dir='ltr'>Poenosque</span> 
     </span>
     <span class='ocr_line' id='line_1_4' title="bbox 186 207 1239 256; baseline 0.003 -14"><span class='ocrx_word' id='word_1_24' title='bbox 186 207 319 253; x_wconf 85' lang='lat' dir='ltr'>prodita</span> <span class='ocrx_word' id='word_1_25' title='bbox 331 209 546 244; x_wconf 86' lang='lat' dir='ltr'>multitudine</span> <span class='ocrx_word' id='word_1_26' title='bbox 565 222 583 243; x_wconf 87' lang='lat' dir='ltr'>a</span> <span class='ocrx_word' id='word_1_27' title='bbox 601 210 805 254; x_wconf 77' lang='lat' dir='ltr'>principibus</span> <span class='ocrx_word' id='word_1_28' title='bbox 821 226 827 245; x_wconf 93' lang='lat'><strong>:</strong></span> <span class='ocrx_word' id='word_1_29' title='bbox 854 211 977 256; x_wconf 74' lang='lat' dir='ltr'>Regini</span> <span class='ocrx_word' id='word_1_30' title='bbox 991 214 1123 245; x_wconf 85' lang='lat' dir='ltr'>tantum</span> <span class='ocrx_word' id='word_1_31' title='bbox 1141 211 1239 245; x_wconf 88' lang='lat' dir='ltr'>modo</span> 
     </span>
     <span class='ocr_line' id='line_1_5' title="bbox 185 259 1240 306; baseline 0.004 -13"><span class='ocrx_word' id='word_1_32' title='bbox 185 259 331 304; x_wconf 78' lang='lat' dir='ltr'>regionis</span> <span class='ocrx_word' id='word_1_33' title='bbox 353 261 425 304; x_wconf 86' lang='lat' dir='ltr'>ejus</span> <span class='ocrx_word' id='word_1_34' title='bbox 443 262 477 294; x_wconf 88' lang='lat' dir='ltr'>et</span> <span class='ocrx_word' id='word_1_35' title='bbox 495 260 529 294; x_wconf 89' lang='lat' dir='ltr'>in</span> <span class='ocrx_word' id='word_1_36' title='bbox 546 259 610 294; x_wconf 88' lang='lat' dir='ltr'>fide</span> <span class='ocrx_word' id='word_1_37' title='bbox 633 273 713 306; x_wconf 86' lang='lat' dir='ltr'>erga</span> <span class='ocrx_word' id='word_1_38' title='bbox 730 261 900 296; x_wconf 86' lang='lat' dir='ltr'>Romanos</span> <span class='ocrx_word' id='word_1_39' title='bbox 918 266 951 296; x_wconf 89' lang='lat' dir='ltr'>et</span> <span class='ocrx_word' id='word_1_40' title='bbox 974 262 1153 306; x_wconf 76' lang='lat' dir='ltr'>potestatis</span> <span class='ocrx_word' id='word_1_41' title='bbox 1170 274 1240 297; x_wconf 77' lang='lat' dir='ltr'>snae</span> 
     </span>
    </p>

    <p class='ocr_par' dir='ltr' id='par_1_3' title="bbox 154 310 1241 716">
     <span class='ocr_line' id='line_1_6' title="bbox 154 310 1240 358; baseline 0.003 -14"><span class='ocrx_word' id='word_1_42' title='bbox 154 316 173 344; x_wconf 89' lang='lat'><em>8</em></span> <span class='ocrx_word' id='word_1_43' title='bbox 187 310 228 344; x_wconf 77' lang='lat' dir='ltr'>acl</span> <span class='ocrx_word' id='word_1_44' title='bbox 246 310 401 345; x_wconf 86' lang='lat' dir='ltr'>ultimum</span> <span class='ocrx_word' id='word_1_45' title='bbox 424 314 631 345; x_wconf 87' lang='lat' dir='ltr'>manserunt.</span> <span class='ocrx_word' id='word_1_46' title='bbox 681 312 724 346; x_wconf 90' lang='lat' dir='ltr'>In</span> <span class='ocrx_word' id='word_1_47' title='bbox 741 312 885 347; x_wconf 84' lang='lat' dir='ltr'>Siciliam</span> <span class='ocrx_word' id='word_1_48' title='bbox 908 325 1040 358; x_wconf 90' lang='lat' dir='ltr'>quoque</span> <span class='ocrx_word' id='word_1_49' title='bbox 1059 312 1171 347; x_wconf 85' lang='lat' dir='ltr'>eadem</span> <span class='ocrx_word' id='word_1_50' title='bbox 1190 313 1240 347; x_wconf 92' lang='lat' dir='ltr'>in-</span> 
     </span>
     <span class='ocr_line' id='line_1_7' title="bbox 186 361 1240 409; baseline 0.004 -14"><span class='ocrx_word' id='word_1_51' title='bbox 186 361 322 396; x_wconf 85' lang='lat' dir='ltr'>clinatio</span> <span class='ocrx_word' id='word_1_52' title='bbox 344 362 528 396; x_wconf 85' lang='lat' dir='ltr'>animorum</span> <span class='ocrx_word' id='word_1_53' title='bbox 553 363 714 407; x_wconf 82' lang='lat' dir='ltr'>pervenit,</span> <span class='ocrx_word' id='word_1_54' title='bbox 737 367 770 398; x_wconf 87' lang='lat' dir='ltr'>et</span> <span class='ocrx_word' id='word_1_55' title='bbox 793 376 834 398; x_wconf 88' lang='lat' dir='ltr'>ne</span> <span class='ocrx_word' id='word_1_56' title='bbox 858 364 974 398; x_wconf 87' lang='lat' dir='ltr'>domus</span> <span class='ocrx_word' id='word_1_57' title='bbox 998 364 1129 409; x_wconf 85' lang='lat' dir='ltr'>quidem</span> <span class='ocrx_word' id='word_1_58' title='bbox 1156 364 1240 398; x_wconf 88' lang='lat' dir='ltr'>Hie-</span> 
     </span>
     <span class='ocr_line' id='line_1_8' title="bbox 186 413 1238 461; baseline 0.003 -15"><span class='ocrx_word' id='word_1_59' title='bbox 186 413 276 447; x_wconf 86' lang='lat' dir='ltr'>ronis</span> <span class='ocrx_word' id='word_1_60' title='bbox 314 416 387 447; x_wconf 85' lang='lat' dir='ltr'>tota</span> <span class='ocrx_word' id='word_1_61' title='bbox 424 413 465 448; x_wconf 82' lang='lat' dir='ltr'>ab</span> <span class='ocrx_word' id='word_1_62' title='bbox 507 413 694 448; x_wconf 83' lang='lat' dir='ltr'>defectione</span> <span class='ocrx_word' id='word_1_63' title='bbox 733 414 896 449; x_wconf 73' lang='lat' dir='ltr'>abstinuit</span> <span class='ocrx_word' id='word_1_64' title='bbox 914 428 921 449; x_wconf 73' lang='grc' dir='ltr'>ε</span> <span class='ocrx_word' id='word_1_65' title='bbox 962 427 1104 461; x_wconf 83' lang='lat' dir='ltr'>namque</span> <span class='ocrx_word' id='word_1_66' title='bbox 1145 415 1238 456; x_wconf 69' lang='lat' dir='ltr'>Gelo,</span> 
     </span>
     <span class='ocr_line' id='line_1_9' title="bbox 186 463 1241 511; baseline 0.003 -14"><span class='ocrx_word' id='word_1_67' title='bbox 186 463 353 498; x_wconf 84' lang='lat' dir='ltr'>maximus</span> <span class='ocrx_word' id='word_1_68' title='bbox 372 463 496 509; x_wconf 85' lang='lat' dir='ltr'>stirpis,</span> <span class='ocrx_word' id='word_1_69' title='bbox 508 468 700 510; x_wconf 80' lang='lat' dir='ltr'>contempta</span> <span class='ocrx_word' id='word_1_70' title='bbox 717 465 815 500; x_wconf 88' lang='lat' dir='ltr'>simul</span> <span class='ocrx_word' id='word_1_71' title='bbox 832 468 1005 500; x_wconf 74' lang='lat' dir='ltr'><strong>senectute</strong></span> <span class='ocrx_word' id='word_1_72' title='bbox 1019 466 1122 511; x_wconf 85' lang='lat' dir='ltr'>patris</span> <span class='ocrx_word' id='word_1_73' title='bbox 1141 466 1241 500; x_wconf 89' lang='lat' dir='ltr'>simul</span> 
     </span>
     <span class='ocr_line' id='line_1_10' title="bbox 187 515 1239 560; baseline 0.002 -11"><span class='ocrx_word' id='word_1_74' title='bbox 187 518 264 560; x_wconf 82' lang='lat' dir='ltr'>post</span> <span class='ocrx_word' id='word_1_75' title='bbox 290 515 500 550; x_wconf 81' lang='lat' dir='ltr'>Cannensem</span> <span class='ocrx_word' id='word_1_76' title='bbox 525 515 649 550; x_wconf 79' lang='lat' dir='ltr'>cladem</span> <span class='ocrx_word' id='word_1_77' title='bbox 686 517 834 551; x_wconf 82' lang='lat' dir='ltr'>Romana</span> <span class='ocrx_word' id='word_1_78' title='bbox 858 517 1019 551; x_wconf 83' lang='lat' dir='ltr'>societate</span> <span class='ocrx_word' id='word_1_79' title='bbox 1049 517 1090 551; x_wconf 91' lang='lat' dir='ltr'>ad</span> <span class='ocrx_word' id='word_1_80' title='bbox 1119 517 1239 551; x_wconf 75' lang='lat' dir='ltr'>Poenos</span> 
     </span>
     <span class='ocr_line' id='line_1_11' title="bbox 188 565 1240 613; baseline 0.002 -13"><span class='ocrx_word' id='word_1_81' title='bbox 188 565 322 608; x_wconf 80' lang='lat' dir='ltr'>defecit,</span> <span class='ocrx_word' id='word_1_82' title='bbox 338 567 563 612; x_wconf 86' lang='lat' dir='ltr'>movissetque</span> <span class='ocrx_word' id='word_1_83' title='bbox 580 567 615 601; x_wconf 88' lang='lat' dir='ltr'>in</span> <span class='ocrx_word' id='word_1_84' title='bbox 633 567 745 602; x_wconf 77' lang='lat' dir='ltr'>Sicilia</span> <span class='ocrx_word' id='word_1_85' title='bbox 762 580 814 602; x_wconf 88' lang='lat' dir='ltr'>res</span> <span class='ocrx_word' id='word_1_86' title='bbox 833 568 896 602; x_wconf 91' lang='lat' dir='ltr'>nisi</span> <span class='ocrx_word' id='word_1_87' title='bbox 914 579 1002 602; x_wconf 87' lang='lat' dir='ltr'>mors</span> <span class='ocrx_word' id='word_1_88' title='bbox 1020 567 1102 602; x_wconf 85' lang='lat' dir='ltr'>adeo</span> <span class='ocrx_word' id='word_1_89' title='bbox 1120 580 1240 613; x_wconf 88' lang='lat' dir='ltr'>oppor-</span> 
     </span>
     <span class='ocr_line' id='line_1_12' title="bbox 187 619 1240 664; baseline 0.002 -13"><span class='ocrx_word' id='word_1_90' title='bbox 187 619 280 658; x_wconf 83' lang='lat' dir='ltr'>tuna,</span> <span class='ocrx_word' id='word_1_91' title='bbox 294 620 331 651; x_wconf 90' lang='lat' dir='ltr'>ut</span> <span class='ocrx_word' id='word_1_92' title='bbox 350 621 477 663; x_wconf 81' lang='lat' dir='ltr'>patrem</span> <span class='ocrx_word' id='word_1_93' title='bbox 493 630 624 663; x_wconf 86' lang='lat' dir='ltr'>quoque</span> <span class='ocrx_word' id='word_1_94' title='bbox 639 619 827 664; x_wconf 78' lang='lat' dir='ltr'>suspicione</span> <span class='ocrx_word' id='word_1_95' title='bbox 841 622 1044 664; x_wconf 79' lang='lat' dir='ltr'><strong>aspergeret,</strong></span> <span class='ocrx_word' id='word_1_96' title='bbox 1058 622 1240 654; x_wconf 76' lang='lat' dir='ltr'>armantem</span> 
     </span>
     <span class='ocr_line' id='line_1_13' title="bbox 189 669 1240 716; baseline 0 -13"><span class='ocrx_word' id='word_1_97' title='bbox 189 681 264 703; x_wconf 86' lang='grc'><strong>011111</strong></span> <span class='ocrx_word' id='word_1_98' title='bbox 283 669 533 704; x_wconf 74' lang='lat' dir='ltr'>multitudinem</span> <span class='ocrx_word' id='word_1_99' title='bbox 548 669 849 716; x_wconf 76' lang='lat' dir='ltr'>sollicitantemque</span> <span class='ocrx_word' id='word_1_100' title='bbox 867 671 973 705; x_wconf 87' lang='lat' dir='ltr'>socios</span> <span class='ocrx_word' id='word_1_101' title='bbox 987 670 1240 715; x_wconf 78' lang='lat' dir='ltr'>absumpsisset.</span> 
     </span>
    </p>

    <p class='ocr_par' dir='ltr' id='par_1_4' title="bbox 156 721 1242 808">
     <span class='ocr_line' id='line_1_14' title="bbox 156 721 1242 767; baseline 0.002 -13"><span class='ocrx_word' id='word_1_102' title='bbox 156 722 174 752; x_wconf 89' lang='lat'><strong>9</strong></span> <span class='ocrx_word' id='word_1_103' title='bbox 191 721 274 755; x_wconf 75' lang='grc' dir='ltr'>11ωο</span> <span class='ocrx_word' id='word_1_104' title='bbox 292 733 330 755; x_wconf 89' lang='lat' dir='ltr'>co</span> <span class='ocrx_word' id='word_1_105' title='bbox 354 733 440 756; x_wconf 89' lang='lat' dir='ltr'>anno</span> <span class='ocrx_word' id='word_1_106' title='bbox 463 721 497 755; x_wconf 94' lang='lat' dir='ltr'>in</span> <span class='ocrx_word' id='word_1_107' title='bbox 520 721 620 756; x_wconf 84' lang='lat' dir='ltr'>Italia</span> <span class='ocrx_word' id='word_1_108' title='bbox 644 721 679 756; x_wconf 89' lang='grc'>111</span> <span class='ocrx_word' id='word_1_109' title='bbox 695 722 811 759; x_wconf 81' lang='lat' dir='ltr'>Africa</span> <span class='ocrx_word' id='word_1_110' title='bbox 832 721 867 756; x_wconf 90' lang='lat' dir='ltr'>in</span> <span class='ocrx_word' id='word_1_111' title='bbox 891 722 1002 757; x_wconf 81' lang='lat' dir='ltr'>Sicilia</span> <span class='ocrx_word' id='word_1_112' title='bbox 1024 722 1059 756; x_wconf 87' lang='lat' dir='ltr'>in</span> <span class='ocrx_word' id='word_1_113' title='bbox 1075 721 1242 767; x_wconf 75' lang='lat' dir='ltr'>Hispania</span> 
     </span>
     <span class='ocr_line' id='line_1_15' title="bbox 189 771 525 808; baseline 0.003 -2"><span class='ocrx_word' id='word_1_114' title='bbox 189 771 281 807; x_wconf 86' lang='lat' dir='ltr'>vario</span> <span class='ocrx_word' id='word_1_115' title='bbox 299 775 423 807; x_wconf 83' lang='lat' dir='ltr'>eventu</span> <span class='ocrx_word' id='word_1_116' title='bbox 442 775 525 808; x_wconf 87' lang='lat' dir='ltr'>acta.</span> 
     </span>
    </p>

    <p class='ocr_par' dir='ltr' id='par_1_5' title="bbox 137 823 1282 1792">
     <span class='ocr_line' id='line_1_16' title="bbox 137 823 1242 869; baseline 0.001 -12"><span class='ocrx_word' id='word_1_117' title='bbox 137 828 177 857; x_wconf 93' lang='grc'>10</span> <span class='ocrx_word' id='word_1_118' title='bbox 235 823 341 858; x_wconf 87' lang='lat' dir='ltr'>Exitu</span> <span class='ocrx_word' id='word_1_119' title='bbox 366 824 444 858; x_wconf 87' lang='lat' dir='ltr'>anni</span> <span class='ocrx_word' id='word_1_120' title='bbox 469 824 512 861; x_wconf 74' lang='lat' dir='ltr'>Q.</span> <span class='ocrx_word' id='word_1_121' title='bbox 532 823 655 858; x_wconf 84' lang='lat' dir='ltr'>Fabius</span> <span class='ocrx_word' id='word_1_122' title='bbox 681 824 854 859; x_wconf 83' lang='lat' dir='ltr'>Maximus</span> <span class='ocrx_word' id='word_1_123' title='bbox 878 836 897 858; x_wconf 90' lang='lat' dir='ltr'>a</span> <span class='ocrx_word' id='word_1_124' title='bbox 914 826 1033 859; x_wconf 86' lang='lat' dir='ltr'>senatu</span> <span class='ocrx_word' id='word_1_125' title='bbox 1056 824 1242 869; x_wconf 76' lang='lat' dir='ltr'>postulavit</span> 
     </span>
     <span class='ocr_line' id='line_1_17' title="bbox 189 874 1242 920; baseline 0.001 -12"><span class='ocrx_word' id='word_1_126' title='bbox 189 876 229 908; x_wconf 88' lang='lat' dir='ltr'>ut</span> <span class='ocrx_word' id='word_1_127' title='bbox 246 874 350 910; x_wconf 82' lang='lat' dir='ltr'>aedem</span> <span class='ocrx_word' id='word_1_128' title='bbox 369 875 511 910; x_wconf 89' lang='lat' dir='ltr'>Veneris</span> <span class='ocrx_word' id='word_1_129' title='bbox 536 875 699 920; x_wconf 77' lang='lat' dir='ltr'>Erycinae,</span> <span class='ocrx_word' id='word_1_130' title='bbox 719 887 816 920; x_wconf 87' lang='lat' dir='ltr'>quam</span> <span class='ocrx_word' id='word_1_131' title='bbox 843 875 987 910; x_wconf 88' lang='lat' dir='ltr'>dictator</span> <span class='ocrx_word' id='word_1_132' title='bbox 1008 876 1166 918; x_wconf 84' lang='lat' dir='ltr'>vovisset,</span> <span class='ocrx_word' id='word_1_133' title='bbox 1185 875 1242 909; x_wconf 87' lang='lat' dir='ltr'>de-</span> 
     </span>
     <span class='ocr_line' id='line_1_18' title="bbox 138 925 1242 971; baseline 0 -11"><span class='ocrx_word' id='word_1_134' title='bbox 138 931 174 960; x_wconf 88' lang='grc'>11</span> <span class='ocrx_word' id='word_1_135' title='bbox 191 925 301 960; x_wconf 84' lang='lat' dir='ltr'>dicare</span> <span class='ocrx_word' id='word_1_136' title='bbox 327 925 452 961; x_wconf 84' lang='lat' dir='ltr'>liceret.</span> <span class='ocrx_word' id='word_1_137' title='bbox 503 927 647 961; x_wconf 82' lang='lat' dir='ltr'>Senatus</span> <span class='ocrx_word' id='word_1_138' title='bbox 681 926 828 961; x_wconf 85' lang='lat' dir='ltr'>decrevit</span> <span class='ocrx_word' id='word_1_139' title='bbox 860 929 899 960; x_wconf 87' lang='lat' dir='ltr'>ut</span> <span class='ocrx_word' id='word_1_140' title='bbox 931 926 1004 961; x_wconf 88' lang='lat' dir='ltr'>Tib.</span> <span class='ocrx_word' id='word_1_141' title='bbox 1025 927 1242 971; x_wconf 81' lang='lat' dir='ltr'>Sempronius</span> 
     </span>
     <span class='ocr_line' id='line_1_19' title="bbox 190 977 1243 1022; baseline 0 -11"><span class='ocrx_word' id='word_1_142' title='bbox 190 977 309 1011; x_wconf 80' lang='lat' dir='ltr'>consul</span> <span class='ocrx_word' id='word_1_143' title='bbox 327 977 535 1021; x_wconf 66' lang='lat' dir='ltr'>designatus,</span> <span class='ocrx_word' id='word_1_144' title='bbox 554 990 657 1022; x_wconf 89' lang='lat' dir='ltr'>quum</span> <span class='ocrx_word' id='word_1_145' title='bbox 674 977 783 1022; x_wconf 84' lang='lat' dir='ltr'>primo</span> <span class='ocrx_word' id='word_1_146' title='bbox 800 978 959 1012; x_wconf 87' lang='lat' dir='ltr'>honorem</span> <span class='ocrx_word' id='word_1_147' title='bbox 976 977 1107 1019; x_wconf 84' lang='lat' dir='ltr'>inisset,</span> <span class='ocrx_word' id='word_1_148' title='bbox 1127 977 1167 1011; x_wconf 85' lang='lat' dir='ltr'>ad</span> <span class='ocrx_word' id='word_1_149' title='bbox 1185 990 1243 1022; x_wconf 87' lang='lat' dir='ltr'>po-</span> 
     </span>
     <span class='ocr_line' id='line_1_20' title="bbox 190 1027 1243 1073; baseline 0 -11"><span class='ocrx_word' id='word_1_150' title='bbox 190 1027 307 1073; x_wconf 83' lang='lat' dir='ltr'>pulum</span> <span class='ocrx_word' id='word_1_151' title='bbox 333 1028 437 1063; x_wconf 83' lang='lat' dir='ltr'>ferret</span> <span class='ocrx_word' id='word_1_152' title='bbox 461 1031 500 1063; x_wconf 89' lang='lat' dir='ltr'>ut</span> <span class='ocrx_word' id='word_1_153' title='bbox 527 1029 565 1070; x_wconf 81' lang='lat' dir='ltr'>Q.</span> <span class='ocrx_word' id='word_1_154' title='bbox 585 1028 726 1063; x_wconf 83' lang='lat' dir='ltr'>Fabium</span> <span class='ocrx_word' id='word_1_155' title='bbox 752 1028 963 1062; x_wconf 87' lang='lat' dir='ltr'>duumvirum</span> <span class='ocrx_word' id='word_1_156' title='bbox 991 1040 1064 1063; x_wconf 88' lang='lat' dir='ltr'>esse</span> <span class='ocrx_word' id='word_1_157' title='bbox 1085 1028 1243 1073; x_wconf 83' lang='lat' dir='ltr'>juberent</span> 
     </span>
     <span class='ocr_line' id='line_1_21' title="bbox 139 1078 1243 1124; baseline -0.002 -9"><span class='ocrx_word' id='word_1_158' title='bbox 139 1086 178 1116; x_wconf 89' lang='lat'>12</span> <span class='ocrx_word' id='word_1_159' title='bbox 192 1078 270 1114; x_wconf 86' lang='lat' dir='ltr'>aedis</span> <span class='ocrx_word' id='word_1_160' title='bbox 289 1078 479 1114; x_wconf 69' lang='lat' dir='ltr'>dedicandae</span> <span class='ocrx_word' id='word_1_161' title='bbox 500 1091 610 1114; x_wconf 83' lang='lat' dir='ltr'>causa.</span> <span class='ocrx_word' id='word_1_162' title='bbox 659 1079 705 1114; x_wconf 86' lang='lat' dir='ltr'>Et</span> <span class='ocrx_word' id='word_1_163' title='bbox 732 1080 780 1114; x_wconf 90' lang='lat' dir='ltr'>M.</span> <span class='ocrx_word' id='word_1_164' title='bbox 800 1080 936 1115; x_wconf 86' lang='lat' dir='ltr'>AEmilio</span> <span class='ocrx_word' id='word_1_165' title='bbox 959 1079 1098 1124; x_wconf 78' lang='lat' dir='ltr'>Lepido,</span> <span class='ocrx_word' id='word_1_166' title='bbox 1118 1079 1175 1124; x_wconf 88' lang='lat' dir='ltr'>qni</span> <span class='ocrx_word' id='word_1_167' title='bbox 1192 1079 1243 1114; x_wconf 88' lang='lat' dir='ltr'>bis</span> 
     </span>
     <span class='ocr_line' id='line_1_22' title="bbox 191 1130 1244 1176; baseline 0.001 -12"><span class='ocrx_word' id='word_1_168' title='bbox 191 1130 310 1165; x_wconf 85' lang='lat' dir='ltr'>consul</span> <span class='ocrx_word' id='word_1_169' title='bbox 327 1143 500 1176; x_wconf 81' lang='lat' dir='ltr'>augurque</span> <span class='ocrx_word' id='word_1_170' title='bbox 519 1131 638 1172; x_wconf 84' lang='lat' dir='ltr'>fuerat,</span> <span class='ocrx_word' id='word_1_171' title='bbox 658 1130 715 1165; x_wconf 84' lang='lat' dir='ltr'>filii</span> <span class='ocrx_word' id='word_1_172' title='bbox 731 1133 811 1172; x_wconf 89' lang='lat' dir='ltr'>tres,</span> <span class='ocrx_word' id='word_1_173' title='bbox 831 1131 958 1165; x_wconf 89' lang='lat' dir='ltr'>Lucius</span> <span class='ocrx_word' id='word_1_174' title='bbox 981 1131 1119 1165; x_wconf 85' lang='lat' dir='ltr'>Marcus</span> <span class='ocrx_word' id='word_1_175' title='bbox 1137 1131 1244 1168; x_wconf 78' lang='lat' dir='ltr'>Quin-</span> 
     </span>
     <span class='ocr_line' id='line_1_23' title="bbox 190 1181 1244 1227; baseline 0 -11"><span class='ocrx_word' id='word_1_176' title='bbox 190 1183 259 1222; x_wconf 79' lang='lat' dir='ltr'>tus,</span> <span class='ocrx_word' id='word_1_177' title='bbox 277 1181 372 1216; x_wconf 87' lang='lat' dir='ltr'>ludos</span> <span class='ocrx_word' id='word_1_178' title='bbox 398 1181 555 1216; x_wconf 83' lang='lat' dir='ltr'>funebres</span> <span class='ocrx_word' id='word_1_179' title='bbox 581 1194 641 1226; x_wconf 89' lang='lat' dir='ltr'>per</span> <span class='ocrx_word' id='word_1_180' title='bbox 666 1182 816 1216; x_wconf 88' lang='lat' dir='ltr'>triduum</span> <span class='ocrx_word' id='word_1_181' title='bbox 841 1185 875 1216; x_wconf 82' lang='lat' dir='ltr'>ct</span> <span class='ocrx_word' id='word_1_182' title='bbox 901 1181 1125 1227; x_wconf 78' lang='lat' dir='ltr'>gladiatorum</span> <span class='ocrx_word' id='word_1_183' title='bbox 1152 1182 1244 1226; x_wconf 80' lang='lat' dir='ltr'>paria</span> 
     </span>
     <span class='ocr_line' id='line_1_24' title="bbox 139 1231 1244 1278; baseline 0 -11"><span class='ocrx_word' id='word_1_184' title='bbox 139 1238 177 1268; x_wconf 85' lang='lat'>13</span> <span class='ocrx_word' id='word_1_185' title='bbox 192 1231 257 1266; x_wconf 90' lang='lat' dir='ltr'>duo</span> <span class='ocrx_word' id='word_1_186' title='bbox 275 1235 309 1267; x_wconf 79' lang='lat' dir='ltr'>et</span> <span class='ocrx_word' id='word_1_187' title='bbox 326 1233 448 1277; x_wconf 76' lang='lat' dir='ltr'>viginti</span> <span class='ocrx_word' id='word_1_188' title='bbox 474 1245 533 1278; x_wconf 86' lang='lat' dir='ltr'>per</span> <span class='ocrx_word' id='word_1_189' title='bbox 558 1233 707 1267; x_wconf 85' lang='lat' dir='ltr'>triduum</span> <span class='ocrx_word' id='word_1_190' title='bbox 734 1233 769 1267; x_wconf 89' lang='lat' dir='ltr'>in</span> <span class='ocrx_word' id='word_1_191' title='bbox 791 1233 862 1267; x_wconf 87' lang='lat' dir='ltr'>soro</span> <span class='ocrx_word' id='word_1_192' title='bbox 889 1233 1065 1267; x_wconf 86' lang='lat' dir='ltr'>dederunt.</span> <span class='ocrx_word' id='word_1_193' title='bbox 1114 1233 1244 1267; x_wconf 85' lang='lat' dir='ltr'>AEdiles</span> 
     </span>
     <span class='ocr_line' id='line_1_25' title="bbox 191 1283 1279 1330; baseline -0.001 -11"><span class='ocrx_word' id='word_1_194' title='bbox 191 1283 324 1319; x_wconf 88' lang='lat' dir='ltr'>curules</span> <span class='ocrx_word' id='word_1_195' title='bbox 342 1283 380 1318; x_wconf 93' lang='lat' dir='ltr'>C.</span> <span class='ocrx_word' id='word_1_196' title='bbox 399 1284 568 1319; x_wconf 77' lang='lat' dir='ltr'>Laetorins</span> <span class='ocrx_word' id='word_1_197' title='bbox 585 1287 620 1319; x_wconf 90' lang='lat' dir='ltr'>et</span> <span class='ocrx_word' id='word_1_198' title='bbox 637 1284 709 1319; x_wconf 86' lang='lat' dir='ltr'>Tib.</span> <span class='ocrx_word' id='word_1_199' title='bbox 730 1284 945 1330; x_wconf 86' lang='lat' dir='ltr'>Sempronius</span> <span class='ocrx_word' id='word_1_200' title='bbox 968 1284 1150 1324; x_wconf 82' lang='lat' dir='ltr'>Gracchus,</span> <span class='ocrx_word' id='word_1_201' title='bbox 1167 1296 1246 1318; x_wconf 89' lang='lat' dir='ltr'>con·</span> <span class='ocrx_word' id='word_1_202' title='bbox 1277 1316 1279 1321; x_wconf 90' lang='grc'><em>,</em></span> 
     </span>
     <span class='ocr_line' id='line_1_26' title="bbox 191 1335 1245 1381; baseline -0.001 -11"><span class='ocrx_word' id='word_1_203' title='bbox 191 1335 244 1370; x_wconf 87' lang='lat' dir='ltr'>sul</span> <span class='ocrx_word' id='word_1_204' title='bbox 261 1335 467 1381; x_wconf 81' lang='lat' dir='ltr'>designatus,</span> <span class='ocrx_word' id='word_1_205' title='bbox 484 1336 540 1381; x_wconf 90' lang='lat' dir='ltr'>qui</span> <span class='ocrx_word' id='word_1_206' title='bbox 554 1336 588 1370; x_wconf 89' lang='lat' dir='ltr'>in</span> <span class='ocrx_word' id='word_1_207' title='bbox 605 1335 764 1370; x_wconf 80' lang='lat' dir='ltr'>aedilitate</span> <span class='ocrx_word' id='word_1_208' title='bbox 778 1336 938 1381; x_wconf 83' lang='lat' dir='ltr'>magister</span> <span class='ocrx_word' id='word_1_209' title='bbox 955 1335 1105 1380; x_wconf 82' lang='lat' dir='ltr'>equitum</span> <span class='ocrx_word' id='word_1_210' title='bbox 1123 1335 1245 1376; x_wconf 79' lang='lat' dir='ltr'>fuerat,</span> 
     </span>
     <span class='ocr_line' id='line_1_27' title="bbox 191 1386 1246 1432; baseline 0 -12"><span class='ocrx_word' id='word_1_211' title='bbox 191 1386 287 1421; x_wconf 87' lang='lat' dir='ltr'>ludos</span> <span class='ocrx_word' id='word_1_212' title='bbox 316 1387 486 1421; x_wconf 78' lang='lat' dir='ltr'>Romanos</span> <span class='ocrx_word' id='word_1_213' title='bbox 514 1387 677 1428; x_wconf 83' lang='lat' dir='ltr'>fecerunt,</span> <span class='ocrx_word' id='word_1_214' title='bbox 708 1387 765 1432; x_wconf 87' lang='lat' dir='ltr'>qui</span> <span class='ocrx_word' id='word_1_215' title='bbox 794 1400 853 1432; x_wconf 88' lang='lat' dir='ltr'>per</span> <span class='ocrx_word' id='word_1_216' title='bbox 885 1386 1037 1422; x_wconf 89' lang='lat' dir='ltr'>triduum</span> <span class='ocrx_word' id='word_1_217' title='bbox 1066 1386 1246 1421; x_wconf 85' lang='lat' dir='ltr'>instaurati</span> 
     </span>
     <span class='ocr_line' id='line_1_28' title="bbox 192 1437 1280 1489; baseline 0 -17"><span class='ocrx_word' id='word_1_218' title='bbox 192 1440 294 1472; x_wconf 84' lang='lat' dir='ltr'>sunt:</span> <span class='ocrx_word' id='word_1_219' title='bbox 329 1437 450 1483; x_wconf 86' lang='lat' dir='ltr'>plebeii</span> <span class='ocrx_word' id='word_1_220' title='bbox 481 1437 551 1472; x_wconf 84' lang='lat' dir='ltr'>ludi</span> <span class='ocrx_word' id='word_1_221' title='bbox 584 1437 729 1472; x_wconf 79' lang='lat' dir='ltr'>aedilium</span> <span class='ocrx_word' id='word_1_222' title='bbox 762 1438 811 1473; x_wconf 89' lang='lat' dir='ltr'>M.</span> <span class='ocrx_word' id='word_1_223' title='bbox 830 1438 960 1473; x_wconf 83' lang='lat' dir='ltr'>Aurelii</span> <span class='ocrx_word' id='word_1_224' title='bbox 994 1438 1104 1473; x_wconf 86' lang='lat' dir='ltr'>Cottae</span> <span class='ocrx_word' id='word_1_225' title='bbox 1133 1441 1167 1472; x_wconf 85' lang='lat' dir='ltr'>et</span> <span class='ocrx_word' id='word_1_226' title='bbox 1193 1438 1244 1473; x_wconf 87' lang='lat' dir='ltr'>M.</span> <span class='ocrx_word' id='word_1_227' title='bbox 1278 1452 1280 1489; x_wconf 75' lang='grc' dir='ltr'>Ι</span> 
     </span>
     <span class='ocr_line' id='line_1_29' title="bbox 193 1487 1281 1524; baseline 0.002 -2"><span class='ocrx_word' id='word_1_228' title='bbox 193 1487 325 1523; x_wconf 78' lang='lat' dir='ltr'>Claudii</span> <span class='ocrx_word' id='word_1_229' title='bbox 342 1488 495 1524; x_wconf 77' lang='lat' dir='ltr'>Marcelli</span> <span class='ocrx_word' id='word_1_230' title='bbox 512 1492 565 1524; x_wconf 83' lang='lat' dir='ltr'>ter</span> <span class='ocrx_word' id='word_1_231' title='bbox 581 1488 770 1524; x_wconf 87' lang='lat' dir='ltr'>instaurati.</span> <span class='ocrx_word' id='word_1_232' title='bbox 1278 1496 1281 1505; x_wconf 70' lang='lat'>¹</span> 
     </span>
     <span class='ocr_line' id='line_1_30' title="bbox 140 1539 1246 1586; baseline -0.001 -11"><span class='ocrx_word' id='word_1_233' title='bbox 140 1545 180 1575; x_wconf 79' lang='lat'>14</span> <span class='ocrx_word' id='word_1_234' title='bbox 240 1540 452 1575; x_wconf 82' lang='lat' dir='ltr'>Circumacto</span> <span class='ocrx_word' id='word_1_235' title='bbox 469 1540 571 1575; x_wconf 81' lang='lat' dir='ltr'>tertio</span> <span class='ocrx_word' id='word_1_236' title='bbox 589 1552 675 1575; x_wconf 90' lang='lat' dir='ltr'>anno</span> <span class='ocrx_word' id='word_1_237' title='bbox 701 1540 821 1575; x_wconf 89' lang='lat' dir='ltr'>Punici</span> <span class='ocrx_word' id='word_1_238' title='bbox 844 1540 922 1575; x_wconf 90' lang='lat' dir='ltr'>belli</span> <span class='ocrx_word' id='word_1_239' title='bbox 939 1540 1011 1576; x_wconf 89' lang='lat' dir='ltr'>Tib.</span> <span class='ocrx_word' id='word_1_240' title='bbox 1030 1539 1246 1586; x_wconf 86' lang='lat' dir='ltr'>Sempronius</span> 
     </span>
     <span class='ocr_line' id='line_1_31' title="bbox 141 1590 1281 1638; baseline -0.002 -11"><span class='ocrx_word' id='word_1_241' title='bbox 141 1597 176 1627; x_wconf 83' lang='lat'>15</span> <span class='ocrx_word' id='word_1_242' title='bbox 194 1590 312 1625; x_wconf 87' lang='lat' dir='ltr'>consul</span> <span class='ocrx_word' id='word_1_243' title='bbox 336 1590 447 1626; x_wconf 88' lang='lat' dir='ltr'>idibus</span> <span class='ocrx_word' id='word_1_244' title='bbox 472 1592 608 1627; x_wconf 84' lang='lat' dir='ltr'>Martiis</span> <span class='ocrx_word' id='word_1_245' title='bbox 633 1591 869 1638; x_wconf 80' lang='lat' dir='ltr'>magistratum</span> <span class='ocrx_word' id='word_1_246' title='bbox 890 1592 964 1627; x_wconf 82' lang='lat' dir='ltr'>init.</span> <span class='ocrx_word' id='word_1_247' title='bbox 1013 1592 1180 1627; x_wconf 84' lang='lat' dir='ltr'>Praetores</span> <span class='ocrx_word' id='word_1_248' title='bbox 1205 1592 1245 1632; x_wconf 86' lang='lat' dir='ltr'>Q.</span> <span class='ocrx_word' id='word_1_249' title='bbox 1280 1608 1281 1612; x_wconf 61' lang='lat'><em>=</em></span> 
     </span>
     <span class='ocr_line' id='line_1_32' title="bbox 193 1628 1282 1688; baseline 0 -12"><span class='ocrx_word' id='word_1_250' title='bbox 193 1641 332 1676; x_wconf 85' lang='lat' dir='ltr'>Fulvius</span> <span class='ocrx_word' id='word_1_251' title='bbox 349 1642 501 1684; x_wconf 85' lang='lat' dir='ltr'>Flaccus,</span> <span class='ocrx_word' id='word_1_252' title='bbox 521 1643 578 1688; x_wconf 87' lang='lat' dir='ltr'>qui</span> <span class='ocrx_word' id='word_1_253' title='bbox 596 1646 695 1678; x_wconf 87' lang='lat' dir='ltr'>antea</span> <span class='ocrx_word' id='word_1_254' title='bbox 711 1642 761 1678; x_wconf 89' lang='lat' dir='ltr'>bis</span> <span class='ocrx_word' id='word_1_255' title='bbox 780 1643 897 1678; x_wconf 84' lang='lat' dir='ltr'>consul</span> <span class='ocrx_word' id='word_1_256' title='bbox 922 1655 1105 1688; x_wconf 87' lang='lat' dir='ltr'>censorque</span> <span class='ocrx_word' id='word_1_257' title='bbox 1123 1642 1244 1683; x_wconf 84' lang='lat' dir='ltr'>fuerat,</span> <span class='ocrx_word' id='word_1_258' title='bbox 1279 1628 1282 1688; x_wconf 57' lang='lat' dir='ltr'>l,</span> 
     </span>
     <span class='ocr_line' id='line_1_33' title="bbox 193 1693 1282 1740; baseline 0 -13"><span class='ocrx_word' id='word_1_259' title='bbox 193 1693 365 1735; x_wconf 84' lang='lat' dir='ltr'>urbanam,</span> <span class='ocrx_word' id='word_1_260' title='bbox 392 1694 442 1729; x_wconf 87' lang='lat' dir='ltr'>M.</span> <span class='ocrx_word' id='word_1_261' title='bbox 461 1694 616 1729; x_wconf 83' lang='lat' dir='ltr'>Valerius</span> <span class='ocrx_word' id='word_1_262' title='bbox 640 1695 798 1729; x_wconf 82' lang='lat' dir='ltr'>Laevinus</span> <span class='ocrx_word' id='word_1_263' title='bbox 824 1695 1033 1740; x_wconf 81' lang='lat' dir='ltr'>peregrinam</span> <span class='ocrx_word' id='word_1_264' title='bbox 1060 1697 1183 1728; x_wconf 79' lang='grc'><strong>50110111</strong></span> <span class='ocrx_word' id='word_1_265' title='bbox 1211 1693 1246 1727; x_wconf 85' lang='lat' dir='ltr'>in</span> <span class='ocrx_word' id='word_1_266' title='bbox 1280 1699 1282 1736; x_wconf 64' lang='lat' dir='ltr'>fl</span> 
     </span>
     <span class='ocr_line' id='line_1_34' title="bbox 188 1743 1282 1792; baseline -0.002 -12"><span class='ocrx_word' id='word_1_267' title='bbox 188 1745 277 1790; x_wconf 78' lang='lat' dir='ltr'>juris</span> <span class='ocrx_word' id='word_1_268' title='bbox 296 1745 442 1780; x_wconf 85' lang='lat' dir='ltr'>dictione</span> <span class='ocrx_word' id='word_1_269' title='bbox 459 1745 598 1781; x_wconf 85' lang='lat' dir='ltr'>habuit:</span> <span class='ocrx_word' id='word_1_270' title='bbox 625 1746 714 1792; x_wconf 87' lang='lat' dir='ltr'><strong>App.</strong></span> <span class='ocrx_word' id='word_1_271' title='bbox 734 1745 895 1781; x_wconf 85' lang='lat' dir='ltr'>Claudius</span> <span class='ocrx_word' id='word_1_272' title='bbox 919 1746 1063 1781; x_wconf 87' lang='lat' dir='ltr'>Pulcher</span> <span class='ocrx_word' id='word_1_273' title='bbox 1087 1745 1243 1786; x_wconf 75' lang='lat' dir='ltr'>Siciliam,</span> <span class='ocrx_word' id='word_1_274' title='bbox 1280 1743 1282 1791; x_wconf 52' lang='lat' dir='ltr'>i</span> 
     </span>
    </p>
   </div>
   <div class='ocr_carea' id='block_1_3' title="bbox 1257 0 1296 1921">
    <p class='ocr_par' dir='ltr' id='par_1_6' title="bbox 1257 0 1296 1921">
     <span class='ocr_line' id='line_1_35' title="bbox 1257 0 1296 1921; baseline 0.872 -48"><span class='ocrx_word' id='word_1_275' title='bbox 1257 0 1296 1531; x_wconf 95' lang='lat' dir='ltr'>  </span> <span class='ocrx_word' id='word_1_276' title='bbox 1281 1426 1296 1921; x_wconf 95' lang='lat' dir='ltr'>    </span> 
     </span>
    </p>
   </div>
  </div>
 </body>
</html>
