1298 1921
146 33 187 63 96
390 32 425 62 Τ.
452 32 572 62 LIVII
599 27 936 62 HISTORIARUM
1038 73 1073 103 [A
1099 73 1119 97 c
1143 72 1191 98 217

146 106 297 141 habitum
315 119 322 140 :
344 105 458 152 itaque
483 105 615 140 hercule
638 117 705 140 non
723 106 894 140 Samnium
918 104 1027 148 mod0‚
1046 118 1111 151 quo
1129 108 1200 150 jam

148 161 321 203 tamquam
350 160 444 191 trans
478 157 645 192 Hiberum
674 169 754 202 agro
787 157 899 192 Poenis
925 168 1119 191 concessum
1147 157 1201 197 sit,

148 209 206 244 sed
235 212 269 244 et
303 209 511 253 Campanum
548 209 775 254 Calenumquc
808 211 842 243 et
875 208 1054 242 Falernum
1085 219 1202 253 agrum

147 262 356 306 pervastatos
374 272 456 302 esse,
475 259 612 294 sedente
631 259 768 294 Casilini
786 259 948 294 dictatore
965 261 999 293 et
1017 258 1202 305 legionibus

120 311 263 356 2p0puli
280 311 422 346 Romani
447 322 565 356 agrum
582 323 679 345 suum
702 313 846 345 tutante.
896 310 1091 344 Exercitum
1112 309 1203 354 cupi-

148 366 261 397 entem
293 374 444 407 pugnare
471 365 505 396 et
534 362 732 407 magistrum
761 361 913 407 equitum
942 361 1072 395 clausos
1099 373 1203 407 prope

148 413 237 448 intra
258 412 380 447 vallum
405 415 564 455 retentos,
582 416 752 458 tamquam
774 411 927 446 hostibus
950 412 1090 457 captivis
1113 424 1204 446 arma

149 464 324 509 adempta:
358 463 502 507 tandem,
527 467 564 498 ut
588 463 786 499 abscesserit
809 463 884 498 inde
910 462 1064 505 dictator,
1083 466 1121 497 ut
1146 463 1204 498 ob-

149 515 276 550 sidione
293 515 450 550 liberatos
465 519 561 549 extra
574 515 693 550 vallum
709 527 862 558 egressos
877 514 1002 549 fudisse
1016 526 1053 548 ae
1066 514 1204 560 fugasse

119 567 274 601 ahostes.
334 567 428 604 Quas
453 566 495 601 ob
520 579 584 608 res,
609 567 636 601 si
662 567 820 612 antiquus
846 566 977 600 animus
1002 565 1109 611 plebei
1134 566 1204 600 Ro-

149 630 254 652 manae
277 621 376 659 essct,
400 617 570 652 audaciter
595 630 629 652 se
651 617 798 652 laturum
820 617 923 652 fuisse
949 616 989 651 dc
1013 616 1203 662 abrogando

150 669 194 707 Q.
212 669 307 704 Fabii
332 669 490 714 imperio:
528 681 617 704 nunc
640 669 802 703 modicam
828 668 1035 714 rogationem
1061 667 1204 713 promul-

149 723 307 765 gaturum
337 719 377 755 de
405 719 566 766 aequando
599 720 751 766 magistri
780 720 931 766 equitum
964 722 998 754 et
1031 719 1203 754 dictatoris

119 777 139 805 4
146 772 233 817 jure.
283 771 358 806 Nec
385 774 498 805 tamen
522 784 564 806 ne
588 771 636 806 ita
661 771 793 817 quidem
819 771 911 816 prius
936 770 1136 805 mittendum
1163 769 1204 804 ad

149 822 330 858 exercitum
351 822 393 860 Q.
413 822 552 857 Fabium
578 834 676 868 quam
693 822 860 857 consulem
884 822 918 856 in
935 822 1042 856 locum
1071 821 1109 855 C.
1128 821 1154 855 F
1157 821 1204 855 la-

120 874 243 909 5minii
265 874 463 909 suffecisset.
512 873 670 908 Dictator
692 873 906 908 concionibus
926 885 960 908 se
984 872 1146 907 abstinuit
1170 872 1204 907 in

149 925 279 960 actione
304 924 438 959 minime
463 924 657 970 popularis:
694 937 736 959 ne
761 924 796 959 in
821 927 941 959 senatu
965 924 1096 969 quidem
1122 923 1203 957 satis

149 976 252 1022 aequis
286 975 423 1010 auribus
456 975 656 1010 audiebatur
679 978 772 1015 tunc,
801 988 903 1021 quum
931 975 1061 1009 hostem
1093 974 1203 1009 verbis

149 1027 326 1062 extolleret
348 1026 538 1072 bienniique
563 1026 672 1061 clades
696 1039 757 1072 per
781 1027 1005 1061 temeritatem
1030 1028 1130 1071 atque
1154 1026 1205 1060 in-

149 1078 279 1113 scitiam
297 1077 420 1113 ducum
444 1080 599 1123 acceptas
624 1078 764 1112 referret
790 1078 1016 1123 magistroque
1043 1077 1204 1123 equitum,

149 1129 238 1175 quod
262 1132 378 1164 contra
402 1128 527 1164 dictum
551 1142 649 1163 suum
674 1132 867 1175 pugnasset,
890 1129 1054 1163 rationem
1079 1127 1204 1162 diceret

120 1180 350 1215 ercddendam
364 1193 446 1215 esse.
497 1180 532 1215 Si
550 1193 654 1225 penes
668 1193 703 1215 se
721 1193 850 1215 summa
868 1180 997 1225 imperii
1011 1179 1204 1224 consiliique

148 1231 203 1274 sit,
222 1243 326 1277 prope
344 1231 432 1266 diem
453 1231 651 1266 effecturum
669 1234 708 1266 ut
733 1232 840 1266 sciant
857 1231 1018 1271 homines,
1037 1230 1122 1265 bono
1144 1230 1205 1264 im-

147 1286 303 1328 peratore
328 1282 418 1317 haud
442 1283 553 1328 magni
577 1282 746 1317 fortunam
771 1282 931 1317 momenti
956 1294 1039 1325 esse,
1057 1284 1204 1315 mentem

147 1335 378 1380 rationemque
401 1334 575 1374 dominari,
593 1334 680 1369 etin
701 1337 851 1379 tempore
875 1337 908 1368 et
930 1333 1000 1367 sine
1024 1332 1205 1378 ignominia

147 1387 298 1421 servasse
315 1386 499 1421 exercitum
518 1398 616 1432 quain
638 1385 744 1420 multa
761 1385 861 1420 millia
878 1385 1024 1419 hostium
1043 1383 1203 1419 occidisse

117 1439 135 1472 7
147 1438 306 1483 majorem
324 1437 465 1483 gloriam
483 1449 566 1472 esse.
617 1437 731 1483 Hujus
745 1437 876 1482 generis
894 1435 1099 1471 orationibus
1117 1436 1204 1470 frus-

145 1491 199 1524 tra
218 1489 340 1524 habitis
366 1491 400 1524 et
418 1489 554 1524 consule
571 1491 683 1524 creato
706 1489 755 1523 M.
775 1489 878 1523 Atilio
898 1487 1037 1534 Regulo,
1056 1499 1098 1522 ne
1121 1499 1204 1532 proe-

146 1553 222 1575 sens
247 1540 383 1585 dejure
408 1540 539 1586 imperii
564 1539 746 1581 dimicaret,
769 1539 873 1585 pridie
897 1552 996 1584 quam
1020 1538 1202 1584 rogationis

115 1591 289 1626 Sfercndae
313 1591 383 1626 dies
409 1591 550 1632 adesset,
575 1595 673 1625 nocte
696 1590 738 1625 ad
760 1590 944 1625 exercitum
968 1589 1060 1624 abiit.
1108 1589 1202 1623 Luce

143 1646 219 1677 orta
242 1655 344 1688 quum
371 1642 474 1687 plebis
500 1642 677 1677 concilium
700 1646 799 1681 essct,
818 1642 924 1687 magis
949 1640 1053 1675 tacita
1076 1640 1201 1674 invidia

144 1694 320 1729 dictatoris
343 1694 503 1738 favorque
529 1693 681 1738 magistri
706 1693 857 1739 equitum
880 1692 1007 1727 animos
1035 1691 1201 1737 versabat,

143 1757 244 1792 quam
261 1745 342 1780 satis
360 1744 528 1780 audebant
542 1744 692 1780 homines
710 1744 752 1779 ad
769 1743 974 1779 suadendum
993 1742 1081 1790 quod
1099 1742 1200 1788 vulgo
