1272 1921
415 35 504 66 LIB.
529 33 624 64 XXI.
652 34 742 62 1—4.
1083 30 1102 59 3

55 79 89 104 Α.
103 79 130 103 c.
145 77 216 110 222]

101 112 141 146 ln
160 109 381 146 Hasdrubalis
404 109 514 145 locum
530 109 619 144 haud
643 108 744 144 dubia
763 121 817 144 res
840 108 904 143 suit
921 107 1002 154 quin
1019 119 1096 153 prae-
1111 104 1171 145 (3)

53 163 237 208 rogativam
263 162 449 203 militarem,
476 174 541 208 qua
565 161 731 206 extemplo
760 160 895 205 juvenis
929 158 1102 195 Hannibal

56 214 90 249 in
123 214 315 260 praetorium
348 213 478 248 delatus
510 213 757 258 imperatorque
793 211 922 257 ingenti
954 210 1103 245 omnium

54 265 196 300 clamore
214 268 314 311 atque
332 264 475 299 adsensu
500 263 684 310 appellatus
710 266 792 305 erat,
810 263 904 297 favor
929 261 1035 307 plebis
1053 273 1105 295 se-

55 319 224 362 queretur.
274 317 378 351 Hunc
402 315 540 350 vixdum
569 316 726 361 puberem
760 314 955 350 Hasdrubal
983 313 1136 348 litteris2

55 368 96 402 ad
113 380 148 402 se
166 368 383 403 accersierat:
411 371 486 402 acta
502 379 554 402 res
571 367 672 402 etiam
695 367 728 401 in
746 369 866 401 senatu
882 365 1006 404 fuerat,
1024 365 1108 399 Bar-

57 419 139 454 cinis
164 419 349 453 nitentibus
373 422 411 453 ut
432 419 643 453 adsuesceret
660 418 786 453 militiae
812 417 982 452 Hannibal
1006 420 1106 461 atque

60 470 93 505 in
118 473 272 516 paternas
298 470 491 505 succederet
516 482 615 515 opes:
642 470 766 505 Hanno
790 469 927 504 alterius
952 467 1107 502 factionis

58 522 211 567 princeps
230 521 306 556 “Et
331 534 462 567 aequum
487 521 658 566 postulare
684 521 837 556 videtnr’'
856 519 966 565 inquit
985 523 1005 536 “
1018 519 1110 553 Has-

60 572 187 614 drubal,
214 575 248 607 et
274 585 335 619 ego
360 576 472 607 tamen
497 585 564 607 non
589 585 707 607 censeo
733 572 820 618 quod
845 571 932 617 petit
960 569 1112 605 tribuen-

59 624 171 659 dum.'’
220 624 334 662 Quum
360 624 577 658 admiratione
601 630 669 658 tam
695 624 849 669 ancipitis
873 622 1048 658 sententiae
1073 622 1141 656 in3

60 688 95 710 se
120 687 233 710 onmes
256 675 486 716 convertisset,
512 675 676 710 “Florem
700 676 831 710 aetatis’'
856 675 964 721 inquit
987 673 1112 708 “Has-

60 726 186 767 dmbal,
207 739 302 772 quem
327 726 397 772 ipse
418 726 506 768 patri
532 727 731 762 Hannibalis
757 726 934 761 fruendum
956 725 1112 771 praebuit,

56 778 150 823 justo
165 778 240 823 jure
257 790 331 812 eum
350 790 369 812 a
385 777 452 812 filio
472 778 579 823 repeti
603 783 736 813 censet:
764 791 824 813 nos
847 782 961 812 tamen
976 776 1112 812 minime

62 829 157 864 decet
180 829 393 875 juventutem
416 833 564 864 nostram
589 842 650 875 pro
678 830 814 864 militari
843 829 1033 864 rudimento
1057 827 1114 862 ad-

62 880 231 915 suefacere
249 880 378 915 libidini
395 884 586 926 praetomm.
636 883 689 916 An
714 882 776 916 hoc
797 882 964 922 timemus,
983 892 1025 915 ne
1042 879 1147 915 Ha-4

62 931 204 967 milcaris
230 932 316 966 filius
341 932 439 966 nimis
475 944 548 967 sero
574 933 713 977 imperia
744 933 921 968 immodica
953 935 987 967 et
1019 930 1116 977 regni

64 983 194 1028 paterni
217 983 362 1028 speeiem
387 983 509 1025 videat,
537 987 580 1028 et,
602 985 697 1030 cujus
722 985 811 1030 regis
837 996 960 1031 genero
984 982 1116 1018 heredi-

65 1034 142 1069 tarii
167 1035 234 1069 sint
259 1034 368 1069 relicti
392 1035 559 1070 exercitus
582 1036 698 1077 nostri,
725 1036 796 1081 ejus
819 1036 886 1071 filio
907 1048 1024 1081 parum
1048 1046 1113 1068 ma-

65 1088 141 1120 ture
166 1086 374 1120 serviamus?
408 1098 470 1131 ego
496 1086 598 1120 istum
621 1089 779 1132 juvenem
805 1087 894 1122 domi
922 1085 1115 1127 tenendum,

66 1137 129 1171 sub
153 1136 283 1183 legibus
308 1137 371 1172 sub
397 1137 649 1181 magistratibus
673 1138 857 1173 docendum
885 1139 997 1173 vivere
1021 1149 1117 1183 aeqno

62 1188 138 1234 jure
155 1200 230 1223 cum
249 1189 378 1223 caeteris
396 1201 524 1231 censeo,
544 1202 584 1224 ne
603 1190 801 1236 quandoque
819 1203 940 1237 parvus
958 1190 1012 1225 hic
1030 1189 1118 1235 ignis

65 1239 257 1274 incendium
281 1240 399 1285 ingens
425 1241 645 1275 exsuscitet.’'
694 1242 798 1277 Pauci
830 1255 868 1277 ac
901 1242 1004 1277 ferme
1033 1238 1186 1286 opti-(4)

66 1303 141 1326 mus
167 1291 308 1337 quisque
329 1292 490 1326 Hannoni
513 1291 797 1336 adsentiebantur,
820 1293 888 1335 sed,
914 1297 953 1328 ut
978 1293 1120 1339 plerum-

68 1354 132 1388 que
161 1342 209 1385 fit,
233 1343 338 1388 major
362 1355 439 1388 pars
461 1343 631 1378 meliorem
656 1345 747 1379 vicit.
796 1345 925 1380 Missus
950 1343 1152 1379 Hannibal2

68 1394 103 1428 in
121 1394 322 1439 Hispaniam
344 1394 452 1440 primo
479 1395 592 1430 statim
616 1396 764 1431 adventu
786 1409 915 1432 omnem
935 1396 1122 1431 exercitum

69 1445 105 1479 in
133 1457 168 1479 se
196 1445 384 1480 convertit:
411 1445 638 1481 Hamilcarem
667 1448 824 1493 juvenem
857 1447 1027 1483 redditum
1061 1446 1125 1481 sibi

70 1499 200 1531 veteres
224 1496 347 1531 milites
371 1497 514 1539 credere,
534 1498 676 1534 eundem
696 1499 844 1545 vigorem
869 1499 903 1534 in
925 1499 1023 1534 vultu
1045 1498 1126 1532 vim-

72 1559 136 1593 que
153 1548 189 1582 in
205 1548 308 1583 oculis
326 1548 477 1583 habitum
495 1550 562 1585 oris
585 1550 851 1598 lineamentaque
876 1551 1020 1586 intueri:
1049 1549 1126 1584 dein

71 1599 164 1634 brevi
189 1600 300 1635 effecit
324 1602 363 1634 ut
395 1604 491 1646 pater
515 1602 550 1636 in
575 1614 610 1637 se
635 1603 809 1638 minimum
842 1606 1049 1641 momentum
1085 1601 1127 1636 ad

72 1650 220 1685 favorem
238 1651 480 1686 conciliandum
498 1657 597 1688 esset.
638 1654 830 1700 Numquam
849 1653 1019 1700 ingenium
1038 1653 1125 1688 idem
1141 1659 1159 1688 3

73 1701 115 1736 ad
136 1714 188 1737 res
213 1702 466 1745 diversissimas,
485 1704 667 1749 parendum
690 1709 791 1751 atque
812 1705 1052 1752 imperandum,
1070 1705 1129 1739 lia-

73 1752 173 1789 bilius
189 1754 275 1790 fuit:
301 1755 415 1801 itaque
431 1755 522 1790 haud
538 1757 635 1792 facile
656 1756 871 1801 discerneres,
890 1761 1006 1793 utrum
1023 1757 1129 1802 impe-
