1298 1921
222 53 280 83 186
475 51 511 80 T.
531 51 648 81 LIVII
676 50 1009 80 HISTORIARUM
1104 91 1138 125 [A
1164 93 1183 117 C
1207 69 1254 117 21ss

129 122 326 163 (39)tritici
353 128 387 161 et
415 125 530 161 hordei
557 129 702 161 centum.
751 125 842 160 Dum
871 125 941 160 haec
973 125 1117 159 Romani
1148 129 1266 171 parant

222 181 402 224 aguntque,
422 178 463 212 ad
486 178 674 224 Philippum
701 178 831 223 captiva
853 177 945 211 navis
969 189 1035 211 una
1059 189 1100 211 ex
1116 177 1167 211 liis
1194 189 1266 222 qnae
1297 191 1298 196 ¹

221 230 364 264 Romam
382 229 489 263 niissae
508 233 602 264 erant
619 242 661 264 ex
679 241 779 264 cursu
796 228 931 273 refugit,
950 228 1026 262 inde
1044 228 1164 262 scitum
1180 228 1268 273 lega·
1297 261 1298 264 ,

221 285 273 315 tos
299 292 374 315 cnm
397 280 518 315 litteris
541 283 675 326 captos:
710 281 822 326 itaque
843 280 978 325 ignarus
1002 292 1070 320 rex,
1096 291 1168 324 quae
1193 291 1269 315 cum
1295 292 1298 316 ε

227 331 414 366 Hannibale
439 331 557 377 legatis
576 332 644 366 suis
667 331 899 379 convenissent
922 343 1060 376 quaeque
1078 330 1179 376 legati
1196 333 1268 374 ejus
1295 345 1298 367 1

222 383 264 417 ad
284 396 319 417 se
342 383 484 417 adlaturi
510 383 661 425 fuissent,
689 382 888 428 legationem
916 382 1012 415 aliam
1041 394 1116 416 cum
1145 381 1269 415 eisdem
1295 395 1298 417 [

194 434 387 469 2mandatis
417 434 532 469 mittit.
582 434 703 478 Legati
728 434 771 468 ad
799 432 1022 467 Hannibalem
1047 433 1139 467 missi
1164 433 1270 467 Hera-
1294 447 1298 479 1

223 485 333 527 clitus,
351 487 405 520 cni
424 486 560 520 Scotino
583 497 767 531 cognomen
790 487 870 525 erat,
890 487 924 518 ct
943 483 1037 518 Crito
1060 484 1211 518 Boeotius
1236 486 1270 518 et
1294 499 1298 520 1

225 537 398 571 Sositheus
422 537 587 581 Magnes:
614 537 647 570 hi
663 547 819 582 prospere
841 535 992 569 tulerunt
1013 547 1050 569 ac
1067 536 1271 569 rettulerunt
1293 547 1298 571 1

194 591 212 619 3
224 588 389 622 mandata.
441 588 505 622 Sed
523 588 614 633 prins
632 600 667 622 sc
685 590 782 622 aestas
808 587 1003 632 circumegit
1021 598 1119 631 quam
1139 598 1271 621 movere
1295 600 1298 622 1

224 652 262 674 ac
294 639 402 674 moliri
436 639 611 685 quiequam
649 651 708 673 rex
740 642 872 683 posset:
916 641 1048 672 tantum
1081 638 1174 672 navis
1206 640 1298 673 una}

225 694 322 736 capta
354 703 430 725 eum
454 690 573 735 legatis
599 690 757 725 momenti
782 690 861 724 fecit
886 688 928 723 ad
953 688 1144 723 dilationem
1169 688 1271 723 immi-

226 742 336 776 nentis
355 742 515 776 Romanis
533 741 619 776 belli.

195 797 215 824 4
272 793 317 827 Et
336 793 423 828 cirea
440 793 598 838 Capuam,
617 795 826 836 transgresso
842 791 1051 826 Vulturnum
1075 790 1176 825 Fabio
1197 793 1272 836 post

226 844 361 889 expiata
385 844 519 879 tandem
537 844 696 890 prodigia,
715 844 810 878 ambo
834 842 985 878 eonsules
1007 855 1075 877 rem
1101 842 1272 888 gerebant.
1294 856 1298 878 1

197 897 214 925 5
228 895 488 941 Compulteriam
508 898 541 930 et
559 895 736 930 Trebulam
760 899 793 929 et
812 895 1001 936 Saticulam,
1018 893 1117 928 urbes
1143 906 1215 938 quae
1233 893 1272 927 ad
1293 907 1298 940 Ι

227 948 369 981 Poennm
395 946 594 986 defecerant,
614 946 735 981 Fabius
761 946 793 980 vi
814 946 912 990 cepit,
931 944 1149 990 praesidiaque
1171 944 1204 978 in
1223 944 1272 979 his

196 998 425 1033 611mmibalis
444 998 669 1043 Campanique
687 997 843 1043 permulti
860 997 960 1041 capti.
1010 996 1055 1031 Et
1075 996 1169 1030 Nolae
1186 996 1272 1030 sicut

226 1051 336 1095 priore
354 1062 440 1084 anno
462 1053 597 1084 senatus
617 1051 840 1084 Romanorum
859 1047 951 1093 plebs
975 1047 1173 1082 Hannibalis
1191 1052 1272 1088 crat,

226 1101 430 1147 consiliaque
460 1101 591 1136 occulta
615 1100 656 1135 de
689 1100 777 1135 caede
809 1099 997 1145 principum
1022 1102 1055 1133 et
1088 1098 1272 1144 proditione

226 1152 317 1187 urbis
343 1153 534 1187 inibantur:
570 1152 689 1198 quibus
713 1163 753 1186 ne
779 1151 911 1196 incepta
935 1150 1162 1196 procederent,
1188 1150 1272 1184 inte1
1295 1163 1298 1184 1

227 1204 378 1248 Capuam
404 1208 579 1249 castraque
612 1202 822 1245 Hannibalis,
849 1215 922 1247 quas
955 1203 989 1236 111
1017 1202 1135 1236 Tifatis
1169 1204 1273 1243 erant,

225 1255 381 1290 traducto
414 1255 565 1290 exercitu
593 1254 716 1289 Fabius
746 1266 848 1299 super
877 1253 1069 1288 Suessulam
1098 1253 1133 1287 111
1159 1252 1298 1287 castris}

228 1306 420 1341 Claudianis
453 1306 613 1347 consedit,
639 1306 716 1340 inde
748 1306 798 1339 M.
817 1305 1014 1339 Marcellum
1040 1307 1273 1349 propraetorem
1294 1318 1298 1338 ‹

229 1370 304 1392 cuin
321 1357 373 1392 his
391 1358 495 1402 copiis
514 1370 595 1402 quas
612 1356 755 1391 habebat
773 1356 895 1391 Nolam
917 1357 949 1390 iu
968 1355 1158 1401 praesidium
1177 1355 1272 1389 misit.

132 1406 218 1448 (40)
276 1409 321 1444 Et
346 1409 380 1444 in
402 1408 553 1443 Sardinia
576 1421 627 1442 res
648 1421 708 1453 per
732 1408 768 1442 T.
788 1407 952 1441 Manlium
977 1410 1151 1452 praetorem
1175 1405 1273 1440 admi-

229 1460 363 1494 nistrari
380 1463 506 1505 coeptae,
527 1472 600 1504 ‹111ae
623 1460 752 1494 omissae
769 1465 861 1493 erant
882 1461 1060 1503 postquam
1085 1459 1123 1499 Q.
1143 1457 1273 1492 Mucius

197 1515 349 1556 2practor
375 1511 469 1556 gravi
497 1511 613 1545 morbo
642 1513 693 1545 est
722 1510 913 1555 implicitus.
962 1509 1110 1544 Manlius
1137 1508 1274 1543 navibus

225 1563 335 1608 longis
350 1562 390 1596 ad
411 1562 545 1596 Carales
563 1561 738 1596 subductis
756 1561 995 1606 navalibusque
1012 1560 1110 1595 sociis
1128 1559 1273 1602 armatis,

223 1618 263 1648 ut
282 1617 372 1648 terra
389 1626 456 1647 rem
476 1616 617 1657 gereret,
637 1619 670 1647 et
689 1625 707 1647 a
723 1615 866 1657 praetore
890 1612 1039 1646 exercitu
1056 1614 1193 1656 accepto
1211 1610 1274 1646 duo

224 1668 258 1699 et
276 1664 395 1710 viginti
410 1664 510 1698 millia
522 1664 673 1708 peditum
691 1663 778 1698 mille
792 1663 952 1697 ducentos
966 1663 1095 1708 equites
1109 1661 1253 1696 confecit
1267 1676 1273 1696 :
1295 1664 1297 1667 '

223 1728 300 1751 cum
318 1716 368 1750 his
388 1715 537 1760 equitnm
556 1715 772 1760 peditumque
790 1715 894 1759 copiis
916 1714 1087 1759 profectus
1103 1713 1139 1747 in
1155 1724 1273 1758 agrum

223 1767 370 1802 hostium
403 1766 492 1801 haud
525 1766 639 1811 procul
672 1765 713 1801 ab
746 1765 978 1810 Hampsicorae
1016 1764 1133 1799 castris
1166 1766 1298 1798 castra.
