1298 1921
0 0 1298 30 ἐ

379 67 468 99 LIB.
491 67 619 98 XXIV.
644 68 694 104 21,
719 68 770 99 22.
1041 68 1102 97 225

53 110 215 141 A.c.214.]

53 144 220 190 principes
237 143 411 189 regionum
428 141 521 176 urbis
539 141 709 187 dispositis
731 141 936 187 adjungitur.
986 141 1030 176 In
1048 141 1102 175 In·
1113 152 1131 182 9

55 194 127 230 sula
143 195 231 230 inter
247 197 371 229 caetera
393 192 656 228 Andranodorus
680 192 841 239 praesidiis
859 193 968 227 firmat
985 192 1103 227 horrea

54 245 206 292 publica:
232 244 326 280 locus
359 256 442 279 saxo
475 244 637 290 quadi-ato
671 248 788 290 septus
821 247 922 290 atque
951 244 1035 278 arcis
1068 244 1103 278 in

53 296 189 334 modum
211 297 380 332 emunitus
404 296 534 341 capitur
560 295 600 330 ab
627 296 816 342 juventute,
848 308 921 341 quae
948 295 1102 340 praesidio

55 349 126 393 ejus
148 348 213 383 loci
235 347 407 383 adtributa
431 350 511 389 crat,
535 347 742 394 mittuntque
765 347 903 382 nuntios
926 347 960 380 in
978 347 1102 381 Achra-

54 399 166 435 dinam
182 399 302 434 horrea
317 398 589 444 frumentumque
606 399 640 433 in
657 401 794 434 senatus
811 400 980 443 potestate
998 410 1081 433 esse.

100 451 194 486 Luce
220 451 327 496 prima.
352 450 496 496 populus
522 450 628 485 omnis
658 454 805 485 armatus
833 449 1034 495 inermisque
1062 445 1195 489 in(22)

54 502 279 538 Achradinam
308 501 350 536 ad
378 501 503 537 curiam
528 502 693 536 convenit.
743 501 797 537 Ibi
820 513 880 546 pro
906 501 1130 536 Concordiae2

55 566 122 596 ara,
156 566 229 600 quae
262 553 297 588 in
325 565 364 588 eo
393 553 458 587 sita
488 552 560 587 loco
594 556 676 596 erat,
704 566 748 588 ex
781 552 985 598 principibus
1014 565 1102 587 unus

55 606 189 641 nomine
215 605 393 650 Polyaenus
417 604 608 640 concionem
634 608 669 640 et
685 605 822 640 liberam
848 608 882 640 et
899 604 1103 640 moderatam

55 658 198 693 habuit:
223 656 438 692 servitudinis
465 655 742 703 indignitatisque
769 657 919 692 homines
948 660 1104 703 expertos

57 709 216 744 adversus
232 711 351 743 notum
368 707 490 742 malum
513 707 663 743 irritatos
690 720 786 743 esse:
813 708 977 743 discordia
999 709 1104 744 civilis

57 773 139 807 quas
156 760 313 806 importet
331 758 450 800 clades,
470 759 602 794 audisse
624 760 732 806 magis
757 772 775 794 a
792 760 943 802 patribus
967 761 1105 806 Syracu-

57 823 154 847 sanos
172 823 270 857 quam
287 811 377 856 ipsos
394 810 518 845 vidisse
533 826 540 846 ι
567 823 658 846 arma
675 811 764 857 quod
784 811 925 857 impigre
942 812 1102 857 ceperint,

55 862 200 904 laudare,
226 862 332 908 magis
360 861 588 904 laudaturum,
608 862 636 897 si
653 875 721 897 non
737 865 880 897 utantur
901 863 965 898 nisi
987 863 1105 898 ultima

55 913 256 950 necessitate
281 913 399 948 coacti.
447 913 490 948 In
513 914 692 958 praesentia
714 914 842 960 legatos
866 914 907 949 ad
928 914 1133 949 Andran0-3

57 967 177 1000 dorum
202 964 293 1000 mitti
318 964 460 1010 placere,
494 965 551 1011 qui
578 964 776 1000 denuntient
807 970 847 1000 ut
875 966 910 1000 in
936 969 1104 1011 potestate

57 1022 193 1052 senatus
226 1028 264 1052 ac
289 1015 405 1062 populi
432 1016 485 1058 sit,
516 1021 629 1062 portas
662 1017 789 1052 Insulae
821 1018 958 1063 aperiat,
986 1017 1104 1052 reddat

57 1068 267 1115 praesidium:
294 1068 324 1102 si
348 1067 489 1102 tutelam
512 1067 611 1103 alieni
630 1068 725 1114 regni
749 1081 847 1103 suum
864 1081 1006 1115 regnum
1025 1069 1104 1104 velit

56 1120 176 1163 facere,
193 1118 335 1155 eundem
352 1131 386 1154 se
404 1131 539 1154 censere
556 1119 662 1154 multo
679 1120 787 1155 acrius
805 1120 845 1155 ab
862 1120 1104 1156 Andranodoro

58 1183 157 1217 quam
184 1170 224 1206 ab
250 1171 458 1216 Hieronymo
486 1171 594 1216 repeti
621 1170 820 1206 libertatem.
869 1173 923 1207 Ab
949 1172 1010 1207 hac
1030 1184 1105 1207 con-

57 1223 151 1258 cione
172 1222 276 1267 legati
304 1222 397 1257 missi
426 1225 515 1257 sunt.
566 1223 709 1258 Senatus
734 1223 810 1258 inde
836 1223 950 1259 haberi
975 1227 1136 1269 coeptus4

58 1277 121 1317 est,
144 1273 234 1320 quod
257 1274 345 1309 sicut
370 1277 532 1320 regnante
559 1274 709 1310 Hierone
739 1281 907 1310 manserat
934 1275 1106 1321 publicum

58 1326 244 1368 consilium,
262 1326 310 1361 ita
326 1329 403 1372 post
420 1330 561 1361 mortem
579 1329 652 1372 ejus
669 1329 747 1362 ante
765 1339 835 1362 eam
855 1327 940 1362 diem
958 1328 1050 1362 nulla
1066 1327 1107 1362 de

58 1389 94 1412 re
111 1390 218 1423 neque
235 1377 408 1412 convocati
424 1390 532 1424 neque
549 1377 693 1413 consulti
710 1378 853 1413 fuerant.
902 1379 953 1414 Ut
970 1384 1105 1414 ventum
1118 1385 1136 1414 5

59 1429 101 1464 ad
118 1428 395 1464 Andranodorum
409 1432 471 1473 est,
485 1429 594 1475 ipsum
611 1429 743 1476 quidem
762 1430 916 1466 movebat
934 1434 967 1466 et
985 1431 1107 1466 civium

58 1493 242 1516 consensus
258 1483 292 1515 et
306 1493 409 1526 quum
426 1481 497 1516 aliae
514 1484 686 1526 occupatae
703 1481 795 1516 urbis
812 1485 924 1527 partes
941 1485 1014 1517 tum
1032 1495 1108 1527 pars

58 1531 185 1567 Insulae
202 1531 296 1567 velut
317 1532 540 1567 munitissima
559 1533 692 1578 prodita
714 1536 816 1579 atque
840 1533 993 1569 alienata.
1044 1533 1139 1568 Sede

58 1587 232 1618 evocatum
252 1595 328 1618 eum
346 1583 386 1618 ab
402 1583 523 1630 legatis
540 1584 724 1619 Demarata
740 1596 825 1619 uxor
848 1585 914 1619 filia
937 1585 1109 1627 Hieronis,

58 1635 175 1670 inflata
199 1634 307 1669 adhuc
323 1635 424 1680 regiis
442 1636 560 1670 animis
578 1648 615 1671 ac
636 1636 790 1671 muliebri
807 1636 937 1682 spiritu,
955 1636 1111 1671 admonet

50 1697 147 1732 ‚saepe
163 1689 332 1731 usurpatae
350 1686 505 1732 Dionysii
521 1687 655 1733 tyranni
671 1688 772 1730 vocis,
785 1700 852 1733 qua
868 1687 1009 1733 pedibus
1026 1691 1113 1723 trac-

60 1740 135 1772 tum
151 1750 219 1772 non
235 1737 437 1773 insidentem
455 1751 540 1784 equo
558 1739 745 1785 relinquere
763 1739 973 1785 tyrannidem
991 1739 1113 1774 dixerit

62 1789 201 1826 debere:
228 1790 324 1826 facile
341 1803 414 1826 esse
436 1794 605 1827 momento
630 1804 696 1838 quo
714 1792 788 1839 quis
805 1793 886 1828 velit
904 1792 1021 1828 cedere
1037 1804 1114 1838 pos-

102 1848 159 1867 MV.
171 1849 243 1869 EIST.
256 1851 287 1870 11.
579 1854 603 1881 Q
