1298 1921
164 11 205 40 88
417 11 452 41 T.
472 10 590 41 LlVII
615 11 950 43 HISTORIARUM
1051 54 1088 94 [A
1112 56 1131 80 c
1155 56 1202 82 21⁹1

163 86 338 130 profectus
370 85 511 121 navibus
543 98 647 132 prope
679 89 803 121 terram
836 88 1019 122 exercitum
1053 101 1089 122 111
1116 89 1215 124 litore

166 137 310 171 ducebat
336 140 472 182 paratus
490 138 678 183 confligere,
700 151 909 184 quacumque
934 142 1028 184 parte
1046 140 1216 184 copiarum

134 191 152 219 3
167 188 272 222 hostis
293 189 502 223 occurrisset.
553 189 613 223 Cn.
634 189 788 234 Scipioni,
809 196 984 235 postquam
1008 191 1151 225 movisse
1175 203 1215 226 ex

166 239 313 274 hibernis
351 240 481 275 hostem
522 240 658 282 audivit,
692 241 797 286 primo
838 241 923 276 idem
962 242 1090 276 consilii
1126 242 1215 277 fuit:

167 291 288 325 deinde
305 292 415 326 minus
439 295 529 326 terra
553 295 690 337 propter
712 292 881 337 ingentem
909 293 1030 326 samam
1053 305 1216 328 novorum

166 342 365 377 auxiliorum
390 355 587 377 concurrere
616 355 726 385 ausus,
754 343 882 377 delecto
912 344 1018 378 milite
1048 343 1089 378 ad
1114 356 1215 378 naves

165 393 322 439 imposito
348 394 494 440 quinque
517 397 550 428 et
568 394 708 439 triginta
730 395 864 429 navium
891 394 995 429 classe
1018 395 1066 429 ire
1084 395 1214 429 obviam

164 443 253 479 hosti
286 446 417 490 pergit:
452 445 556 479 altero
590 445 629 479 ab
660 446 847 480 Tarracone
877 445 930 480 die
964 445 1005 480 ad
1035 446 1213 480 stationem

165 495 278 530 decem
296 496 397 530 millia
422 509 581 541 passuum
600 496 779 531 distantem
799 497 839 531 ab
857 497 943 531 ostio
971 496 1090 531 Hiberi
1108 497 1214 532 amuis

132 548 327 592 4pervenit.
377 548 460 583 Inde
486 548 559 583 duae
584 548 846 583 Massiliensium
875 548 1106 593 speculatoriae
1131 561 1215 593 prae-

165 599 274 634 missae
302 601 463 634 rettulere
492 599 631 634 classem
665 600 825 634 Punicam
857 603 946 634 stare
975 599 1009 634 in
1037 600 1124 634 ostio
1152 600 1213 634 flu-

164 650 262 685 minis
287 653 463 696 castraque
488 651 523 685 111
547 652 621 696 ripa
648 651 779 696 posita:
805 651 918 696 itaque
944 654 983 685 ut
1013 650 1214 695 improvidos

163 701 382 748 incautosque
411 702 566 737 universo
592 702 689 736 simul
718 703 822 737 effuso
847 705 975 737 terrore
1000 702 1213 747 opprimeret,

131 754 150 784 5
164 752 304 789 sublatis
322 753 474 788 anchoris
492 753 532 787 ad
555 753 685 788 hostem
704 753 806 788 vadit.
841 753 971 787 Multas
989 756 1022 788 et
1040 753 1120 787 locis
1138 753 1214 788 altis

164 805 291 849 positas
322 808 431 839 turres
461 805 626 850 Hispania
654 805 764 846 habet,
792 804 914 850 quibus
943 809 977 839 et
1006 804 1150 850 speculis
1180 811 1214 840 et

130 857 424 902 6pr0pugnaculis
448 856 606 891 adversus
631 856 776 890 latrones
801 860 954 890 utuntur.
1005 855 1089 890 Inde
1107 856 1213 901 primo

163 908 350 953 conspectis
374 908 520 942 hostium
544 907 682 942 navibus
707 907 823 942 datum
849 909 984 952 signum
1008 907 1214 942 Hasdrubali

163 963 224 1003 est,
239 959 474 1005 tumultusque
492 959 583 1004 prius
601 959 636 993 111
652 962 743 994 terra
760 962 793 994 et
811 959 929 994 castris
948 971 1046 1004 quam
1064 959 1105 993 ad
1123 971 1214 994 mare

162 1014 196 1045 et
214 1011 255 1046 ad
272 1023 372 1046 naves
390 1015 441 1046 est
459 1015 565 1051 ortus,
583 1010 730 1045 nondum
751 1013 811 1044 aut
828 1010 927 1055 pulsu
944 1022 1112 1044 remorum
1130 1013 1214 1045 stre-

162 1062 302 1108 pituque
326 1062 389 1097 alio
407 1062 542 1097 nautico
566 1061 724 1096 exaudito
742 1066 800 1096 aut
823 1061 1048 1107 aperientibus
1074 1061 1230 1096 classem.

162 1114 408 1159 promontoriis,
426 1126 531 1158 quum
554 1117 692 1158 repente
710 1125 811 1158 eques
829 1112 912 1147 alius
938 1125 1038 1159 super
1055 1112 1155 1147 alium
1172 1112 1213 1148 ab

162 1165 375 1200 Hasdrubale
398 1165 520 1199 missus
543 1176 645 1210 vagos
671 1164 706 1199 in
729 1164 827 1199 litore
856 1164 1052 1210 quietosque
1077 1164 1112 1198 111
1140 1168 1214 1199 teu-

161 1217 257 1251 toriis
282 1217 352 1251 suis
376 1216 458 1251 nihil
483 1216 592 1250 minus
618 1227 718 1261 quam
746 1215 877 1250 hostem
903 1219 961 1250 aut
995 1215 1147 1261 proelium
1173 1227 1213 1250 eo

162 1268 214 1302 die
232 1271 467 1313 exspectantes
481 1266 703 1302 conscendere
719 1279 820 1301 naves
845 1279 985 1312 propere
1002 1269 1105 1312 atque
1123 1278 1214 1301 arma

161 1331 278 1365 capere
286 1319 385 1364 jubet
399 1335 405 1354 :
432 1319 571 1354 classem
586 1319 771 1352 Romanam
783 1320 855 1362 jam
873 1317 963 1353 haud
977 1317 1096 1362 procul
1113 1321 1213 1363 portu

130 1371 243 1405 76556.
294 1371 378 1406 Haec
403 1370 533 1416 equites
559 1369 687 1404 dimissi
711 1370 835 1414 passim
860 1369 1078 1414 imperabant.
1129 1370 1213 1404 Mox

160 1421 355 1456 Hasdrubal
386 1421 458 1467 ipse
491 1433 566 1456 cuin
600 1420 689 1455 omni
722 1420 873 1455 exercitu
900 1420 1025 1462 aderat,
1055 1420 1213 1466 varioque

160 1473 271 1506 onmia
294 1473 444 1507 tumultu
469 1475 626 1517 strepunt
649 1471 824 1506 ruentibus
848 1471 882 1505 in
908 1484 1009 1506 naves
1037 1470 1136 1506 simul
1162 1484 1213 1505 re-

160 1523 304 1569 migibus
330 1524 559 1569 militibusque
588 1523 794 1567 fugientium
819 1522 926 1568 magis
955 1535 973 1557 e
997 1525 1088 1557 terra
1114 1534 1212 1567 quam

127 1577 146 1607 8
160 1575 195 1609 in
212 1587 357 1621 pugnam
376 1575 527 1610 euntium
550 1575 660 1609 modo.
711 1573 858 1608 Vixdum
879 1586 993 1608 omnes
1011 1573 1228 1608 conscende-f

160 1629 245 1667 rant,
262 1639 364 1671 quum
378 1626 432 1661 alii
450 1625 605 1660 resolutis
620 1625 686 1659 oris
700 1625 735 1659 111
752 1625 913 1660 anchoras
928 1627 1126 1665 evehuntur,
1142 1624 1207 1666 alii,

160 1689 202 1712 ne
225 1677 305 1723 quid
330 1681 452 1718 teneat,
480 1676 670 1711 anchoralia
695 1676 857 1719 incidunt,
884 1676 1071 1721 raptimque
1100 1675 1210 1710 omnia

159 1740 371 1774 praepropere
403 1728 532 1773 agendo
561 1728 705 1763 militum
737 1731 900 1773 apparatu
928 1727 1064 1763 nautica
1097 1727 1210 1762 minis-
