<?xml version="1.0" encoding="UTF-8"?>
<!DOCTYPE html PUBLIC "-//W3C//DTD XHTML 1.0 Transitional//EN"
    "http://www.w3.org/TR/xhtml1/DTD/xhtml1-transitional.dtd">
<html xmlns="http://www.w3.org/1999/xhtml" xml:lang="en" lang="en">
 <head>
  <title>
</title>
<meta http-equiv="Content-Type" content="text/html;charset=utf-8" />
  <meta name='ocr-system' content='tesseract 3.04.00' />
  <meta name='ocr-capabilities' content='ocr_page ocr_carea ocr_par ocr_line ocrx_word'/>
</head>
<body>
  <div class='ocr_page' id='page_1' title='image "./booksxxixxivwith00livyuoft_0241.png"; bbox 0 0 1298 1921; ppageno 0'>
   <div class='ocr_carea' id='block_1_1' title="bbox 404 54 1124 87">
    <p class='ocr_par' dir='ltr' id='par_1_1' title="bbox 404 54 1124 87">
     <span class='ocr_line' id='line_1_1' title="bbox 404 54 1124 87; baseline 0.003 -2"><span class='ocrx_word' id='word_1_1' title='bbox 404 54 496 85; x_wconf 89' lang='lat' dir='ltr'><strong>LIB.</strong></span> <span class='ocrx_word' id='word_1_2' title='bbox 519 54 648 87; x_wconf 90' lang='lat' dir='ltr'>XXIV.</span> <span class='ocrx_word' id='word_1_3' title='bbox 673 55 806 87; x_wconf 87' lang='lat'>16—18.</span> <span class='ocrx_word' id='word_1_4' title='bbox 1062 57 1124 87; x_wconf 79' lang='grc'>219</span> 
     </span>
    </p>
   </div>
   <div class='ocr_carea' id='block_1_2' title="bbox 75 95 1123 177">
    <p class='ocr_par' dir='ltr' id='par_1_2' title="bbox 75 95 1123 177">
     <span class='ocr_line' id='line_1_2' title="bbox 75 95 1123 177; baseline -0.001 -12"><span class='ocrx_word' id='word_1_5' title='bbox 75 95 278 176; x_wconf 53' lang='grc' dir='ltr'>ἓτέῥὲἐεῗέτθ</span> <span class='ocrx_word' id='word_1_6' title='bbox 306 141 381 165; x_wconf 88' lang='lat' dir='ltr'>cum</span> <span class='ocrx_word' id='word_1_7' title='bbox 407 141 447 165; x_wconf 93' lang='lat' dir='ltr'>eo</span> <span class='ocrx_word' id='word_1_8' title='bbox 479 130 630 165; x_wconf 85' lang='lat' dir='ltr'>exercitu</span> <span class='ocrx_word' id='word_1_9' title='bbox 655 131 712 177; x_wconf 84' lang='lat' dir='ltr'>qui</span> <span class='ocrx_word' id='word_1_10' title='bbox 736 142 837 177; x_wconf 90' lang='lat' dir='ltr'>super</span> <span class='ocrx_word' id='word_1_11' title='bbox 869 129 1060 165; x_wconf 83' lang='lat' dir='ltr'>Suessulam</span> <span class='ocrx_word' id='word_1_12' title='bbox 1087 131 1123 165; x_wconf 89' lang='lat' dir='ltr'>in</span> 
     </span>
    </p>
   </div>
   <div class='ocr_carea' id='block_1_3' title="bbox 53 180 1194 1824">
    <p class='ocr_par' dir='ltr' id='par_1_3' title="bbox 59 180 1150 1356">
     <span class='ocr_line' id='line_1_3' title="bbox 75 180 1122 227; baseline -0.001 -11"><span class='ocrx_word' id='word_1_13' title='bbox 75 183 194 216; x_wconf 85' lang='lat' dir='ltr'>castris</span> <span class='ocrx_word' id='word_1_14' title='bbox 211 184 283 216; x_wconf 87' lang='lat' dir='ltr'>erat</span> <span class='ocrx_word' id='word_1_15' title='bbox 306 181 422 223; x_wconf 83' lang='lat' dir='ltr'>accito,</span> <span class='ocrx_word' id='word_1_16' title='bbox 449 180 497 216; x_wconf 88' lang='lat' dir='ltr'>ire</span> <span class='ocrx_word' id='word_1_17' title='bbox 522 180 653 216; x_wconf 79' lang='lat' dir='ltr'>obviam</span> <span class='ocrx_word' id='word_1_18' title='bbox 675 182 765 218; x_wconf 89' lang='lat' dir='ltr'>hosti</span> <span class='ocrx_word' id='word_1_19' title='bbox 789 184 886 227; x_wconf 86' lang='lat' dir='ltr'>parat</span> <span class='ocrx_word' id='word_1_20' title='bbox 910 193 973 216; x_wconf 88' lang='lat' dir='ltr'>nec</span> <span class='ocrx_word' id='word_1_21' title='bbox 995 193 1122 216; x_wconf 87' lang='lat' dir='ltr'>moram</span> 
     </span>
     <span class='ocr_line' id='line_1_4' title="bbox 75 232 1150 269; baseline 0 -2"><span class='ocrx_word' id='word_1_22' title='bbox 75 232 252 267; x_wconf 87' lang='lat' dir='ltr'>dimicandi</span> <span class='ocrx_word' id='word_1_23' title='bbox 276 232 394 268; x_wconf 85' lang='lat' dir='ltr'>facere.</span> <span class='ocrx_word' id='word_1_24' title='bbox 445 232 482 267; x_wconf 89' lang='lat' dir='ltr'>C.</span> <span class='ocrx_word' id='word_1_25' title='bbox 503 232 681 268; x_wconf 85' lang='lat' dir='ltr'>Claudium</span> <span class='ocrx_word' id='word_1_26' title='bbox 706 234 875 269; x_wconf 85' lang='lat' dir='ltr'>Neronem</span> <span class='ocrx_word' id='word_1_27' title='bbox 901 244 977 267; x_wconf 88' lang='lat' dir='ltr'>cum</span> <span class='ocrx_word' id='word_1_28' title='bbox 1001 232 1150 268; x_wconf 79' lang='lat' dir='ltr'>robore3</span> 
     </span>
     <span class='ocr_line' id='line_1_5' title="bbox 74 283 1121 330; baseline 0 -12"><span class='ocrx_word' id='word_1_29' title='bbox 74 284 225 329; x_wconf 86' lang='lat' dir='ltr'>equitum</span> <span class='ocrx_word' id='word_1_30' title='bbox 249 283 381 319; x_wconf 87' lang='lat' dir='ltr'>silentio</span> <span class='ocrx_word' id='word_1_31' title='bbox 406 284 515 319; x_wconf 81' lang='lat' dir='ltr'>noctis</span> <span class='ocrx_word' id='word_1_32' title='bbox 540 296 600 330; x_wconf 90' lang='lat' dir='ltr'>per</span> <span class='ocrx_word' id='word_1_33' title='bbox 622 296 771 320; x_wconf 84' lang='lat' dir='ltr'>aversam</span> <span class='ocrx_word' id='word_1_34' title='bbox 793 284 937 319; x_wconf 80' lang='lat' dir='ltr'>maxime</span> <span class='ocrx_word' id='word_1_35' title='bbox 960 283 1001 318; x_wconf 87' lang='lat' dir='ltr'>ab</span> <span class='ocrx_word' id='word_1_36' title='bbox 1024 283 1121 319; x_wconf 85' lang='lat' dir='ltr'>hoste</span> 
     </span>
     <span class='ocr_line' id='line_1_6' title="bbox 72 334 1121 382; baseline -0.001 -12"><span class='ocrx_word' id='word_1_37' title='bbox 72 339 204 380; x_wconf 87' lang='lat' dir='ltr'>portam</span> <span class='ocrx_word' id='word_1_38' title='bbox 221 335 356 377; x_wconf 83' lang='lat' dir='ltr'>emittit,</span> <span class='ocrx_word' id='word_1_39' title='bbox 375 335 701 382; x_wconf 87' lang='lat' dir='ltr'>circumvectumque</span> <span class='ocrx_word' id='word_1_40' title='bbox 717 336 847 371; x_wconf 79' lang='lat' dir='ltr'>occulte</span> <span class='ocrx_word' id='word_1_41' title='bbox 871 334 1029 380; x_wconf 84' lang='lat' dir='ltr'>subsequi</span> <span class='ocrx_word' id='word_1_42' title='bbox 1046 347 1121 370; x_wconf 86' lang='lat' dir='ltr'>sen-</span> 
     </span>
     <span class='ocr_line' id='line_1_7' title="bbox 72 386 1119 434; baseline 0 -13"><span class='ocrx_word' id='word_1_43' title='bbox 72 387 134 421; x_wconf 86' lang='lat' dir='ltr'>sim</span> <span class='ocrx_word' id='word_1_44' title='bbox 155 399 274 433; x_wconf 86' lang='lat' dir='ltr'><strong>agmen</strong></span> <span class='ocrx_word' id='word_1_45' title='bbox 296 387 443 422; x_wconf 86' lang='lat' dir='ltr'>hostium</span> <span class='ocrx_word' id='word_1_46' title='bbox 467 386 567 432; x_wconf 88' lang='lat' dir='ltr'>jubet</span> <span class='ocrx_word' id='word_1_47' title='bbox 590 390 634 430; x_wconf 90' lang='lat' dir='ltr'>et,</span> <span class='ocrx_word' id='word_1_48' title='bbox 660 400 763 434; x_wconf 88' lang='lat' dir='ltr'>quum</span> <span class='ocrx_word' id='word_1_49' title='bbox 788 390 940 423; x_wconf 88' lang='lat' dir='ltr'>coortum</span> <span class='ocrx_word' id='word_1_50' title='bbox 966 386 1119 432; x_wconf 87' lang='lat' dir='ltr'>proelium</span> 
     </span>
     <span class='ocr_line' id='line_1_8' title="bbox 71 438 1150 484; baseline -0.001 -12"><span class='ocrx_word' id='word_1_51' title='bbox 71 438 209 480; x_wconf 88' lang='lat' dir='ltr'>videret,</span> <span class='ocrx_word' id='word_1_52' title='bbox 240 438 281 474; x_wconf 85' lang='lat' dir='ltr'>ab</span> <span class='ocrx_word' id='word_1_53' title='bbox 309 440 406 484; x_wconf 84' lang='lat' dir='ltr'>tergo</span> <span class='ocrx_word' id='word_1_54' title='bbox 435 450 470 473; x_wconf 87' lang='lat' dir='ltr'>se</span> <span class='ocrx_word' id='word_1_55' title='bbox 499 438 653 484; x_wconf 88' lang='lat' dir='ltr'>objicere.</span> <span class='ocrx_word' id='word_1_56' title='bbox 703 439 746 474; x_wconf 83' lang='lat' dir='ltr'>Id</span> <span class='ocrx_word' id='word_1_57' title='bbox 774 451 886 474; x_wconf 86' lang='lat' dir='ltr'>errore</span> <span class='ocrx_word' id='word_1_58' title='bbox 914 438 1043 472; x_wconf 84' lang='lat' dir='ltr'>viarum</span> <span class='ocrx_word' id='word_1_59' title='bbox 1076 442 1150 473; x_wconf 75' lang='lat' dir='ltr'>an4</span> 
     </span>
     <span class='ocr_line' id='line_1_9' title="bbox 71 489 1119 536; baseline 0 -12"><span class='ocrx_word' id='word_1_60' title='bbox 71 490 440 536; x_wconf 21' lang='lat' dir='ltr'>exiguitatertemporis</span> <span class='ocrx_word' id='word_1_61' title='bbox 463 489 557 524; x_wconf 91' lang='lat' dir='ltr'>Nero</span> <span class='ocrx_word' id='word_1_62' title='bbox 582 490 719 536; x_wconf 85' lang='lat' dir='ltr'>exsequi</span> <span class='ocrx_word' id='word_1_63' title='bbox 741 502 807 526; x_wconf 90' lang='lat' dir='ltr'>non</span> <span class='ocrx_word' id='word_1_64' title='bbox 830 491 991 536; x_wconf 90' lang='lat' dir='ltr'>potuerit,</span> <span class='ocrx_word' id='word_1_65' title='bbox 1010 490 1119 525; x_wconf 86' lang='lat' dir='ltr'>incer-</span> 
     </span>
     <span class='ocr_line' id='line_1_10' title="bbox 70 541 1116 586; baseline 0 -10"><span class='ocrx_word' id='word_1_66' title='bbox 70 543 143 576; x_wconf 90' lang='lat' dir='ltr'>tum</span> <span class='ocrx_word' id='word_1_67' title='bbox 164 544 236 576; x_wconf 90' lang='lat' dir='ltr'>est:</span> <span class='ocrx_word' id='word_1_68' title='bbox 262 541 398 576; x_wconf 78' lang='lat' dir='ltr'>absente</span> <span class='ocrx_word' id='word_1_69' title='bbox 424 552 463 576; x_wconf 90' lang='lat' dir='ltr'>eo</span> <span class='ocrx_word' id='word_1_70' title='bbox 489 553 590 586; x_wconf 88' lang='lat' dir='ltr'>quum</span> <span class='ocrx_word' id='word_1_71' title='bbox 607 542 762 586; x_wconf 85' lang='lat' dir='ltr'>proelium</span> <span class='ocrx_word' id='word_1_72' title='bbox 785 541 998 576; x_wconf 86' lang='lat' dir='ltr'>commissum</span> <span class='ocrx_word' id='word_1_73' title='bbox 1016 544 1116 583; x_wconf 88' lang='lat' dir='ltr'>esset,</span> 
     </span>
     <span class='ocr_line' id='line_1_11' title="bbox 69 591 1117 638; baseline 0 -11"><span class='ocrx_word' id='word_1_74' title='bbox 69 593 223 638; x_wconf 86' lang='lat' dir='ltr'>superior</span> <span class='ocrx_word' id='word_1_75' title='bbox 247 592 379 638; x_wconf 88' lang='lat' dir='ltr'>quidem</span> <span class='ocrx_word' id='word_1_76' title='bbox 404 591 494 626; x_wconf 85' lang='lat' dir='ltr'>haud</span> <span class='ocrx_word' id='word_1_77' title='bbox 519 591 618 627; x_wconf 91' lang='lat' dir='ltr'>dubie</span> <span class='ocrx_word' id='word_1_78' title='bbox 643 592 816 627; x_wconf 87' lang='lat' dir='ltr'>Romanus</span> <span class='ocrx_word' id='word_1_79' title='bbox 842 596 923 635; x_wconf 87' lang='lat' dir='ltr'>erat,</span> <span class='ocrx_word' id='word_1_80' title='bbox 952 592 1021 636; x_wconf 88' lang='lat' dir='ltr'>sed,</span> <span class='ocrx_word' id='word_1_81' title='bbox 1039 593 1117 638; x_wconf 82' lang='lat' dir='ltr'>quia</span> 
     </span>
     <span class='ocr_line' id='line_1_12' title="bbox 69 642 1117 690; baseline 0 -12"><span class='ocrx_word' id='word_1_82' title='bbox 69 644 198 689; x_wconf 91' lang='lat' dir='ltr'>equites</span> <span class='ocrx_word' id='word_1_83' title='bbox 228 656 294 678; x_wconf 89' lang='lat' dir='ltr'>non</span> <span class='ocrx_word' id='word_1_84' title='bbox 322 643 458 678; x_wconf 84' lang='lat' dir='ltr'>adfuere</span> <span class='ocrx_word' id='word_1_85' title='bbox 486 642 522 677; x_wconf 89' lang='lat' dir='ltr'>in</span> <span class='ocrx_word' id='word_1_86' title='bbox 549 645 711 689; x_wconf 87' lang='lat' dir='ltr'>tempore,</span> <span class='ocrx_word' id='word_1_87' title='bbox 738 644 824 679; x_wconf 85' lang='lat' dir='ltr'>ratio</span> <span class='ocrx_word' id='word_1_88' title='bbox 850 645 1042 690; x_wconf 76' lang='lat' dir='ltr'>compositae</span> <span class='ocrx_word' id='word_1_89' title='bbox 1067 644 1117 679; x_wconf 90' lang='lat' dir='ltr'>rei</span> 
     </span>
     <span class='ocr_line' id='line_1_13' title="bbox 68 694 1114 741; baseline 0.001 -12"><span class='ocrx_word' id='word_1_90' title='bbox 68 694 204 730; x_wconf 85' lang='lat' dir='ltr'>turbata</span> <span class='ocrx_word' id='word_1_91' title='bbox 235 698 307 729; x_wconf 81' lang='lat' dir='ltr'>est:</span> <span class='ocrx_word' id='word_1_92' title='bbox 347 706 414 728; x_wconf 88' lang='lat' dir='ltr'>non</span> <span class='ocrx_word' id='word_1_93' title='bbox 446 706 548 729; x_wconf 82' lang='lat' dir='ltr'>ausus</span> <span class='ocrx_word' id='word_1_94' title='bbox 580 694 711 741; x_wconf 87' lang='lat' dir='ltr'>insequi</span> <span class='ocrx_word' id='word_1_95' title='bbox 743 695 900 731; x_wconf 80' lang='lat' dir='ltr'>cedentes</span> <span class='ocrx_word' id='word_1_96' title='bbox 933 695 1114 731; x_wconf 84' lang='lat' dir='ltr'>Marcellus</span> 
     </span>
     <span class='ocr_line' id='line_1_14' title="bbox 68 745 1144 792; baseline 0 -13"><span class='ocrx_word' id='word_1_97' title='bbox 68 745 279 781; x_wconf 85' lang='lat' dir='ltr'>vincentibus</span> <span class='ocrx_word' id='word_1_98' title='bbox 305 745 374 780; x_wconf 86' lang='lat' dir='ltr'>suis</span> <span class='ocrx_word' id='word_1_99' title='bbox 400 745 534 791; x_wconf 88' lang='lat' dir='ltr'>signum</span> <span class='ocrx_word' id='word_1_100' title='bbox 563 746 714 792; x_wconf 90' lang='lat' dir='ltr'>receptui</span> <span class='ocrx_word' id='word_1_101' title='bbox 740 747 842 782; x_wconf 89' lang='lat' dir='ltr'>dedit.</span> <span class='ocrx_word' id='word_1_102' title='bbox 894 747 976 782; x_wconf 86' lang='lat' dir='ltr'>Plus</span> <span class='ocrx_word' id='word_1_103' title='bbox 1001 749 1144 782; x_wconf 86' lang='lat' dir='ltr'>tamen5</span> 
     </span>
     <span class='ocr_line' id='line_1_15' title="bbox 67 796 1113 841; baseline 0.002 -10"><span class='ocrx_word' id='word_1_104' title='bbox 67 797 133 831; x_wconf 92' lang='lat' dir='ltr'>duo</span> <span class='ocrx_word' id='word_1_105' title='bbox 164 796 266 832; x_wconf 87' lang='lat' dir='ltr'>millia</span> <span class='ocrx_word' id='word_1_106' title='bbox 297 796 444 831; x_wconf 89' lang='lat' dir='ltr'>hostium</span> <span class='ocrx_word' id='word_1_107' title='bbox 473 808 512 831; x_wconf 90' lang='lat' dir='ltr'>eo</span> <span class='ocrx_word' id='word_1_108' title='bbox 541 796 594 832; x_wconf 87' lang='lat' dir='ltr'>die</span> <span class='ocrx_word' id='word_1_109' title='bbox 623 809 708 833; x_wconf 87' lang='lat' dir='ltr'>caesa</span> <span class='ocrx_word' id='word_1_110' title='bbox 731 798 924 841; x_wconf 85' lang='lat' dir='ltr'>traduntur,</span> <span class='ocrx_word' id='word_1_111' title='bbox 950 798 1113 833; x_wconf 79' lang='lat' dir='ltr'>Romanis</span> 
     </span>
     <span class='ocr_line' id='line_1_16' title="bbox 65 847 1113 894; baseline 0.003 -12"><span class='ocrx_word' id='word_1_112' title='bbox 65 848 174 883; x_wconf 91' lang='lat' dir='ltr'>minus</span> <span class='ocrx_word' id='word_1_113' title='bbox 191 847 437 894; x_wconf 79' lang='lat' dir='ltr'>quadringenti.</span> <span class='ocrx_word' id='word_1_114' title='bbox 486 848 572 883; x_wconf 83' lang='lat' dir='ltr'>Solis</span> <span class='ocrx_word' id='word_1_115' title='bbox 589 848 659 884; x_wconf 85' lang='lat' dir='ltr'>fere</span> <span class='ocrx_word' id='word_1_116' title='bbox 676 861 799 884; x_wconf 88' lang='lat' dir='ltr'>occasu</span> <span class='ocrx_word' id='word_1_117' title='bbox 816 849 909 884; x_wconf 89' lang='lat' dir='ltr'>Nero</span> <span class='ocrx_word' id='word_1_118' title='bbox 932 849 1019 884; x_wconf 88' lang='lat' dir='ltr'>diem</span> <span class='ocrx_word' id='word_1_119' title='bbox 1036 861 1113 884; x_wconf 89' lang='lat' dir='ltr'>noc-</span> 
     </span>
     <span class='ocr_line' id='line_1_17' title="bbox 63 898 1112 947; baseline 0.002 -13"><span class='ocrx_word' id='word_1_120' title='bbox 63 902 199 946; x_wconf 83' lang='lat' dir='ltr'>temque</span> <span class='ocrx_word' id='word_1_121' title='bbox 230 899 431 945; x_wconf 77' lang='lat' dir='ltr'>nequiquam</span> <span class='ocrx_word' id='word_1_122' title='bbox 462 898 614 945; x_wconf 82' lang='lat' dir='ltr'>fatigatis</span> <span class='ocrx_word' id='word_1_123' title='bbox 648 901 742 946; x_wconf 88' lang='lat' dir='ltr'>equis</span> <span class='ocrx_word' id='word_1_124' title='bbox 780 901 1038 947; x_wconf 90' lang='lat' dir='ltr'>hominibusque</span> <span class='ocrx_word' id='word_1_125' title='bbox 1070 913 1112 936; x_wconf 89' lang='lat' dir='ltr'>ne</span> 
     </span>
     <span class='ocr_line' id='line_1_18' title="bbox 63 950 1112 998; baseline 0.002 -13"><span class='ocrx_word' id='word_1_126' title='bbox 63 951 135 986; x_wconf 86' lang='lat' dir='ltr'>viso</span> <span class='ocrx_word' id='word_1_127' title='bbox 153 951 286 997; x_wconf 77' lang='lat' dir='ltr'>quidem</span> <span class='ocrx_word' id='word_1_128' title='bbox 301 950 398 986; x_wconf 87' lang='lat' dir='ltr'>hoste</span> <span class='ocrx_word' id='word_1_129' title='bbox 415 950 547 986; x_wconf 87' lang='lat' dir='ltr'>rediens</span> <span class='ocrx_word' id='word_1_130' title='bbox 569 951 652 986; x_wconf 88' lang='lat' dir='ltr'>adeo</span> <span class='ocrx_word' id='word_1_131' title='bbox 669 953 819 998; x_wconf 84' lang='lat' dir='ltr'>graviter</span> <span class='ocrx_word' id='word_1_132' title='bbox 840 960 892 987; x_wconf 85' lang='lat' dir='ltr'>est</span> <span class='ocrx_word' id='word_1_133' title='bbox 911 952 952 987; x_wconf 86' lang='lat' dir='ltr'>ab</span> <span class='ocrx_word' id='word_1_134' title='bbox 975 953 1112 988; x_wconf 87' lang='lat' dir='ltr'>consule</span> 
     </span>
     <span class='ocr_line' id='line_1_19' title="bbox 63 1002 1110 1051; baseline 0.002 -15"><span class='ocrx_word' id='word_1_135' title='bbox 63 1002 256 1049; x_wconf 84' lang='lat' dir='ltr'>increpitus,</span> <span class='ocrx_word' id='word_1_136' title='bbox 289 1004 329 1037; x_wconf 87' lang='lat' dir='ltr'>ut</span> <span class='ocrx_word' id='word_1_137' title='bbox 360 1014 420 1048; x_wconf 88' lang='lat' dir='ltr'>per</span> <span class='ocrx_word' id='word_1_138' title='bbox 451 1014 527 1037; x_wconf 88' lang='lat' dir='ltr'>eum</span> <span class='ocrx_word' id='word_1_139' title='bbox 561 1003 696 1039; x_wconf 77' lang='lat' dir='ltr'>stetisse</span> <span class='ocrx_word' id='word_1_140' title='bbox 729 1003 865 1046; x_wconf 86' lang='lat' dir='ltr'>diceret,</span> <span class='ocrx_word' id='word_1_141' title='bbox 900 1016 965 1051; x_wconf 90' lang='lat' dir='ltr'>quo</span> <span class='ocrx_word' id='word_1_142' title='bbox 997 1004 1110 1039; x_wconf 86' lang='lat' dir='ltr'>minus</span> 
     </span>
     <span class='ocr_line' id='line_1_20' title="bbox 63 1053 1139 1099; baseline -0.001 -10"><span class='ocrx_word' id='word_1_143' title='bbox 63 1057 200 1099; x_wconf 83' lang='lat' dir='ltr'>accepta</span> <span class='ocrx_word' id='word_1_144' title='bbox 223 1053 265 1089; x_wconf 86' lang='lat' dir='ltr'>ad</span> <span class='ocrx_word' id='word_1_145' title='bbox 294 1053 426 1089; x_wconf 87' lang='lat' dir='ltr'>Cannas</span> <span class='ocrx_word' id='word_1_146' title='bbox 452 1053 649 1089; x_wconf 86' lang='lat' dir='ltr'>redderetur</span> <span class='ocrx_word' id='word_1_147' title='bbox 677 1055 768 1091; x_wconf 85' lang='lat' dir='ltr'>hosti</span> <span class='ocrx_word' id='word_1_148' title='bbox 796 1055 917 1091; x_wconf 85' lang='lat' dir='ltr'>clades.</span> <span class='ocrx_word' id='word_1_149' title='bbox 967 1056 1139 1090; x_wconf 87' lang='lat' dir='ltr'>Poster06</span> 
     </span>
     <span class='ocr_line' id='line_1_21' title="bbox 62 1104 1105 1148; baseline 0.002 -8"><span class='ocrx_word' id='word_1_150' title='bbox 62 1105 116 1140; x_wconf 89' lang='lat' dir='ltr'>die</span> <span class='ocrx_word' id='word_1_151' title='bbox 140 1106 313 1140; x_wconf 87' lang='lat' dir='ltr'>Romanus</span> <span class='ocrx_word' id='word_1_152' title='bbox 337 1105 373 1139; x_wconf 89' lang='lat' dir='ltr'>in</span> <span class='ocrx_word' id='word_1_153' title='bbox 397 1104 500 1139; x_wconf 85' lang='lat' dir='ltr'>aciem</span> <span class='ocrx_word' id='word_1_154' title='bbox 527 1105 709 1148; x_wconf 90' lang='lat' dir='ltr'>descendit,</span> <span class='ocrx_word' id='word_1_155' title='bbox 733 1107 859 1142; x_wconf 85' lang='lat' dir='ltr'>Poenus</span> <span class='ocrx_word' id='word_1_156' title='bbox 882 1107 986 1142; x_wconf 88' lang='lat' dir='ltr'>tacita</span> <span class='ocrx_word' id='word_1_157' title='bbox 1007 1107 1105 1142; x_wconf 82' lang='lat' dir='ltr'>etiam</span> 
     </span>
     <span class='ocr_line' id='line_1_22' title="bbox 62 1157 1108 1195; baseline 0.002 -3"><span class='ocrx_word' id='word_1_158' title='bbox 62 1157 268 1192; x_wconf 81' lang='lat' dir='ltr'>confessione</span> <span class='ocrx_word' id='word_1_159' title='bbox 290 1157 399 1192; x_wconf 86' lang='lat' dir='ltr'>vietus</span> <span class='ocrx_word' id='word_1_160' title='bbox 422 1157 541 1192; x_wconf 77' lang='lat' dir='ltr'>castris</span> <span class='ocrx_word' id='word_1_161' title='bbox 564 1170 600 1192; x_wconf 88' lang='lat' dir='ltr'>se</span> <span class='ocrx_word' id='word_1_162' title='bbox 622 1159 753 1194; x_wconf 86' lang='lat' dir='ltr'>tenuit:</span> <span class='ocrx_word' id='word_1_163' title='bbox 779 1159 882 1194; x_wconf 89' lang='lat' dir='ltr'>tertio</span> <span class='ocrx_word' id='word_1_164' title='bbox 904 1159 957 1195; x_wconf 88' lang='lat' dir='ltr'>die</span> <span class='ocrx_word' id='word_1_165' title='bbox 975 1159 1108 1194; x_wconf 86' lang='lat' dir='ltr'>silentio</span> 
     </span>
     <span class='ocr_line' id='line_1_23' title="bbox 60 1208 1107 1257; baseline 0.002 -14"><span class='ocrx_word' id='word_1_166' title='bbox 60 1208 170 1243; x_wconf 87' lang='lat' dir='ltr'>noctis</span> <span class='ocrx_word' id='word_1_167' title='bbox 192 1208 313 1243; x_wconf 85' lang='lat' dir='ltr'>omissa</span> <span class='ocrx_word' id='word_1_168' title='bbox 335 1220 394 1254; x_wconf 87' lang='lat' dir='ltr'>spe</span> <span class='ocrx_word' id='word_1_169' title='bbox 417 1208 514 1244; x_wconf 82' lang='lat' dir='ltr'>Nolae</span> <span class='ocrx_word' id='word_1_170' title='bbox 538 1209 720 1254; x_wconf 83' lang='lat' dir='ltr'>potiundae,</span> <span class='ocrx_word' id='word_1_171' title='bbox 738 1210 787 1245; x_wconf 87' lang='lat' dir='ltr'>rei</span> <span class='ocrx_word' id='word_1_172' title='bbox 810 1223 994 1256; x_wconf 86' lang='lat' dir='ltr'>numquam</span> <span class='ocrx_word' id='word_1_173' title='bbox 1016 1223 1107 1257; x_wconf 85' lang='lat' dir='ltr'>pros-</span> 
     </span>
     <span class='ocr_line' id='line_1_24' title="bbox 60 1259 1106 1308; baseline 0.004 -15"><span class='ocrx_word' id='word_1_174' title='bbox 60 1272 139 1306; x_wconf 86' lang='lat' dir='ltr'>pere</span> <span class='ocrx_word' id='word_1_175' title='bbox 155 1262 337 1305; x_wconf 82' lang='lat' dir='ltr'>temptatae,</span> <span class='ocrx_word' id='word_1_176' title='bbox 349 1260 532 1294; x_wconf 88' lang='lat' dir='ltr'>Tarentum</span> <span class='ocrx_word' id='word_1_177' title='bbox 549 1259 591 1295; x_wconf 88' lang='lat' dir='ltr'>ad</span> <span class='ocrx_word' id='word_1_178' title='bbox 604 1261 780 1297; x_wconf 88' lang='lat' dir='ltr'>certiorem</span> <span class='ocrx_word' id='word_1_179' title='bbox 798 1274 893 1308; x_wconf 90' lang='lat' dir='ltr'>spem</span> <span class='ocrx_word' id='word_1_180' title='bbox 907 1262 1106 1307; x_wconf 88' lang='lat' dir='ltr'>proditionis</span> 
     </span>
     <span class='ocr_line' id='line_1_25' title="bbox 59 1311 293 1356; baseline 0 -10"><span class='ocrx_word' id='word_1_181' title='bbox 59 1311 293 1356; x_wconf 86' lang='lat' dir='ltr'>proficiscitur.</span> 
     </span>
    </p>

    <p class='ocr_par' dir='ltr' id='par_1_4' title="bbox 53 1362 1194 1824">
     <span class='ocr_line' id='line_1_26' title="bbox 106 1362 1194 1411; baseline 0.006 -14"><span class='ocrx_word' id='word_1_182' title='bbox 106 1363 180 1398; x_wconf 87' lang='lat' dir='ltr'>Nec</span> <span class='ocrx_word' id='word_1_183' title='bbox 203 1363 330 1399; x_wconf 88' lang='lat' dir='ltr'>minore</span> <span class='ocrx_word' id='word_1_184' title='bbox 354 1362 462 1397; x_wconf 82' lang='lat' dir='ltr'>animo</span> <span class='ocrx_word' id='word_1_185' title='bbox 486 1375 540 1398; x_wconf 89' lang='lat' dir='ltr'>res</span> <span class='ocrx_word' id='word_1_186' title='bbox 566 1363 721 1399; x_wconf 77' lang='lat' dir='ltr'>Romana</span> <span class='ocrx_word' id='word_1_187' title='bbox 745 1364 834 1400; x_wconf 91' lang='lat' dir='ltr'>domi</span> <span class='ocrx_word' id='word_1_188' title='bbox 856 1377 956 1411; x_wconf 83' lang='lat' dir='ltr'>quam</span> <span class='ocrx_word' id='word_1_189' title='bbox 977 1362 1194 1405; x_wconf 69' lang='lat' dir='ltr'>militiaessffl</span> 
     </span>
     <span class='ocr_line' id='line_1_27' title="bbox 57 1414 1103 1462; baseline 0.004 -14"><span class='ocrx_word' id='word_1_190' title='bbox 57 1414 247 1460; x_wconf 84' lang='lat' dir='ltr'>gerebatur.</span> <span class='ocrx_word' id='word_1_191' title='bbox 313 1414 477 1449; x_wconf 88' lang='lat' dir='ltr'>Censores</span> <span class='ocrx_word' id='word_1_192' title='bbox 509 1415 607 1450; x_wconf 87' lang='lat' dir='ltr'>vacui</span> <span class='ocrx_word' id='word_1_193' title='bbox 640 1415 681 1451; x_wconf 82' lang='lat' dir='ltr'>ab</span> <span class='ocrx_word' id='word_1_194' title='bbox 714 1428 853 1462; x_wconf 84' lang='lat' dir='ltr'>operum</span> <span class='ocrx_word' id='word_1_195' title='bbox 887 1416 1103 1453; x_wconf 85' lang='lat' dir='ltr'>locandorum</span> 
     </span>
     <span class='ocr_line' id='line_1_28' title="bbox 57 1465 1104 1514; baseline 0.004 -15"><span class='ocrx_word' id='word_1_196' title='bbox 57 1477 138 1500; x_wconf 87' lang='lat' dir='ltr'>cura</span> <span class='ocrx_word' id='word_1_197' title='bbox 154 1467 291 1511; x_wconf 88' lang='lat' dir='ltr'>propter</span> <span class='ocrx_word' id='word_1_198' title='bbox 306 1465 451 1511; x_wconf 83' lang='lat' dir='ltr'>inopiam</span> <span class='ocrx_word' id='word_1_199' title='bbox 474 1466 581 1501; x_wconf 82' lang='lat' dir='ltr'>aerarii</span> <span class='ocrx_word' id='word_1_200' title='bbox 598 1467 639 1501; x_wconf 92' lang='lat' dir='ltr'>ad</span> <span class='ocrx_word' id='word_1_201' title='bbox 660 1479 769 1502; x_wconf 87' lang='lat' dir='ltr'>mores</span> <span class='ocrx_word' id='word_1_202' title='bbox 792 1467 962 1503; x_wconf 88' lang='lat' dir='ltr'>hominum</span> <span class='ocrx_word' id='word_1_203' title='bbox 985 1481 1104 1514; x_wconf 81' lang='lat' dir='ltr'>regen-</span> 
     </span>
     <span class='ocr_line' id='line_1_29' title="bbox 56 1516 1103 1564; baseline 0.005 -14"><span class='ocrx_word' id='word_1_204' title='bbox 56 1516 117 1551; x_wconf 88' lang='lat' dir='ltr'>dos</span> <span class='ocrx_word' id='word_1_205' title='bbox 134 1517 280 1551; x_wconf 88' lang='lat' dir='ltr'>animum</span> <span class='ocrx_word' id='word_1_206' title='bbox 297 1516 513 1552; x_wconf 83' lang='lat' dir='ltr'>adverterunt</span> <span class='ocrx_word' id='word_1_207' title='bbox 530 1517 790 1564; x_wconf 83' lang='lat' dir='ltr'>castigandaque</span> <span class='ocrx_word' id='word_1_208' title='bbox 807 1519 899 1561; x_wconf 79' lang='lat' dir='ltr'>vitia,</span> <span class='ocrx_word' id='word_1_209' title='bbox 913 1532 996 1562; x_wconf 82' lang='lat' dir='ltr'>quae,</span> <span class='ocrx_word' id='word_1_210' title='bbox 1009 1521 1103 1556; x_wconf 85' lang='lat' dir='ltr'>velut</span> 
     </span>
     <span class='ocr_line' id='line_1_30' title="bbox 55 1566 1104 1618; baseline 0.004 -15"><span class='ocrx_word' id='word_1_211' title='bbox 55 1566 195 1603; x_wconf 71' lang='lat' dir='ltr'>diistinis</span> <span class='ocrx_word' id='word_1_212' title='bbox 220 1568 343 1604; x_wconf 86' lang='lat' dir='ltr'>morbis</span> <span class='ocrx_word' id='word_1_213' title='bbox 366 1581 456 1614; x_wconf 86' lang='lat' dir='ltr'>aegra</span> <span class='ocrx_word' id='word_1_214' title='bbox 479 1581 619 1615; x_wconf 85' lang='lat' dir='ltr'>corpora</span> <span class='ocrx_word' id='word_1_215' title='bbox 635 1582 676 1605; x_wconf 83' lang='lat' dir='ltr'>ex</span> <span class='ocrx_word' id='word_1_216' title='bbox 694 1583 767 1606; x_wconf 89' lang='lat' dir='ltr'>sese</span> <span class='ocrx_word' id='word_1_217' title='bbox 789 1571 945 1618; x_wconf 80' lang='lat' dir='ltr'>gignunt,</span> <span class='ocrx_word' id='word_1_218' title='bbox 962 1584 1001 1607; x_wconf 92' lang='lat' dir='ltr'>eo</span> <span class='ocrx_word' id='word_1_219' title='bbox 1023 1576 1104 1607; x_wconf 86' lang='lat' dir='ltr'>nata</span> 
     </span>
     <span class='ocr_line' id='line_1_31' title="bbox 56 1619 1131 1669; baseline 0.006 -15"><span class='ocrx_word' id='word_1_220' title='bbox 56 1619 141 1655; x_wconf 84' lang='lat' dir='ltr'>bello</span> <span class='ocrx_word' id='word_1_221' title='bbox 158 1623 265 1655; x_wconf 89' lang='lat' dir='ltr'>erant.</span> <span class='ocrx_word' id='word_1_222' title='bbox 314 1619 464 1655; x_wconf 86' lang='lat' dir='ltr'>Primum</span> <span class='ocrx_word' id='word_1_223' title='bbox 481 1632 538 1655; x_wconf 89' lang='lat' dir='ltr'>eos</span> <span class='ocrx_word' id='word_1_224' title='bbox 555 1621 744 1657; x_wconf 86' lang='lat' dir='ltr'>citaverunt</span> <span class='ocrx_word' id='word_1_225' title='bbox 768 1623 826 1668; x_wconf 91' lang='lat' dir='ltr'>qui</span> <span class='ocrx_word' id='word_1_226' title='bbox 848 1626 924 1669; x_wconf 90' lang='lat' dir='ltr'>post</span> <span class='ocrx_word' id='word_1_227' title='bbox 948 1623 1100 1659; x_wconf 89' lang='lat' dir='ltr'>Cannen-</span> <span class='ocrx_word' id='word_1_228' title='bbox 1113 1633 1131 1662; x_wconf 88' lang='lat'><strong>2</strong></span> 
     </span>
     <span class='ocr_line' id='line_1_32' title="bbox 55 1671 1100 1717; baseline 0.004 -11"><span class='ocrx_word' id='word_1_229' title='bbox 55 1684 125 1707; x_wconf 84' lang='lat' dir='ltr'>sem</span> <span class='ocrx_word' id='word_1_230' title='bbox 152 1671 278 1707; x_wconf 87' lang='lat' dir='ltr'>cladem</span> <span class='ocrx_word' id='word_1_231' title='bbox 306 1671 454 1717; x_wconf 69' lang='lat' dir='ltr'>agitasse</span> <span class='ocrx_word' id='word_1_232' title='bbox 483 1671 524 1706; x_wconf 88' lang='lat' dir='ltr'>de</span> <span class='ocrx_word' id='word_1_233' title='bbox 550 1672 651 1708; x_wconf 84' lang='lat' dir='ltr'>Italia</span> <span class='ocrx_word' id='word_1_234' title='bbox 676 1673 857 1709; x_wconf 81' lang='lat' dir='ltr'>deserenda</span> <span class='ocrx_word' id='word_1_235' title='bbox 883 1674 1100 1711; x_wconf 80' lang='lat' dir='ltr'>dicebantur:</span> 
     </span>
     <span class='ocr_line' id='line_1_33' title="bbox 54 1723 1101 1772; baseline 0.005 -15"><span class='ocrx_word' id='word_1_236' title='bbox 54 1723 209 1769; x_wconf 85' lang='lat' dir='ltr'>princeps</span> <span class='ocrx_word' id='word_1_237' title='bbox 227 1735 340 1758; x_wconf 88' lang='lat' dir='ltr'>eorum</span> <span class='ocrx_word' id='word_1_238' title='bbox 357 1723 399 1758; x_wconf 87' lang='lat' dir='ltr'>L.</span> <span class='ocrx_word' id='word_1_239' title='bbox 413 1723 566 1758; x_wconf 84' lang='lat' dir='ltr'>Caecilius</span> <span class='ocrx_word' id='word_1_240' title='bbox 586 1724 742 1760; x_wconf 87' lang='lat' dir='ltr'>Metellus</span> <span class='ocrx_word' id='word_1_241' title='bbox 761 1729 907 1772; x_wconf 84' lang='lat' dir='ltr'>quaestor</span> <span class='ocrx_word' id='word_1_242' title='bbox 922 1729 996 1762; x_wconf 88' lang='lat' dir='ltr'>tum</span> <span class='ocrx_word' id='word_1_243' title='bbox 1013 1727 1101 1762; x_wconf 86' lang='lat' dir='ltr'>sorte</span> 
     </span>
     <span class='ocr_line' id='line_1_34' title="bbox 53 1774 1101 1824; baseline 0.004 -14"><span class='ocrx_word' id='word_1_244' title='bbox 53 1777 146 1811; x_wconf 79' lang='lat' dir='ltr'>erat:</span> <span class='ocrx_word' id='word_1_245' title='bbox 175 1776 273 1820; x_wconf 89' lang='lat' dir='ltr'>jusso</span> <span class='ocrx_word' id='word_1_246' title='bbox 297 1774 416 1810; x_wconf 86' lang='lat' dir='ltr'>deinde</span> <span class='ocrx_word' id='word_1_247' title='bbox 440 1786 479 1809; x_wconf 92' lang='lat' dir='ltr'>eo</span> <span class='ocrx_word' id='word_1_248' title='bbox 503 1775 699 1824; x_wconf 73' lang='lat' dir='ltr'>caeterisque</span> <span class='ocrx_word' id='word_1_249' title='bbox 727 1777 878 1820; x_wconf 85' lang='lat' dir='ltr'>ejusdem</span> <span class='ocrx_word' id='word_1_250' title='bbox 905 1790 1003 1814; x_wconf 83' lang='lat' dir='ltr'>noxae</span> <span class='ocrx_word' id='word_1_251' title='bbox 1036 1779 1101 1814; x_wconf 73' lang='lat' dir='ltr'>reis</span> 
     </span>
    </p>
   </div>
  </div>
 </body>
</html>
