1298 1921
388 39 478 69 LIB.
502 37 618 68 XXII.
639 38 728 68 1-3.
1060 37 1100 68 69

48 83 83 107 A.
97 81 126 106 c.
142 80 213 120 211]

48 114 149 149 semel
171 114 269 150 victis
294 113 394 149 taedio
419 113 539 148 animis
560 110 827 157 procubuissent,
846 110 935 146 inter
946 112 1103 168 jumenta

48 170 84 200 et
101 166 173 210 ipsa
183 165 333 210 jacentia
345 164 465 211 passim
479 163 670 198 morientes.
720 162 936 208 Maximeque
953 162 1098 197 omnium
1113 164 1135 195 4

48 216 169 262 vigiliae
193 216 412 252 conficiebant
436 227 495 261 per
512 213 735 260 quadriduum
751 216 820 259 jam
840 217 874 248 et
898 218 968 248 tres
985 217 1102 248 noctes

48 267 208 303 toleratae.
257 268 372 306 Quum
389 266 501 302 omnia
522 264 753 300 obtinentibus
772 265 865 310 aquis
883 264 976 307 nihil,
994 265 1053 300 ubi
1068 264 1101 299 in
1116 267 1136 298 5

49 319 137 354 sicco
153 319 243 354 sessa
258 322 447 354 sternerent
464 328 613 362 corpora,
626 316 767 351 inveniri
784 319 908 362 posset,
924 316 1104 351 cumulatis

48 370 84 405 in
108 382 209 416 aquas
235 370 373 405 sarcinis
405 369 542 414 insuper
574 367 835 402 incumbebant-z
874 368 1105 413 jumentorum

49 421 169 456 itinere
191 424 264 456 toto
290 423 537 466 prostratorum
562 419 686 464 passim
712 419 822 454 acervi
845 422 988 460 tantum,
1016 418 1106 464 quod.

49 476 202 507 exstaret
227 485 322 518 aqua,
347 470 573 517 quaerentibus
596 470 637 504 ad
663 470 809 515 quietem
832 470 928 515 parvi
943 470 1105 515 temporis

49 524 273 558 necessarium
290 523 398 558 cubile
415 522 549 557 dabant.
599 521 680 566 Ipse
697 521 878 563 Hannibal,
893 534 983 566 aeger
999 521 1104 556 oculis
1115 525 1135 556 6

50 587 210 619 8Χῌγ811111
221 574 366 620 primum
380 572 578 618 intemperie
596 573 746 607 variante
759 573 885 607 calores
902 573 1106 618 frigoraque,

50 625 240 670 elephanto,
269 626 327 669 qui
353 637 441 659 unus
467 623 793 669 superfuerat—quo
823 624 923 658 altius
952 624 994 658 ab
1022 635 1108 668 aqua

50 680 373 720 exstaret—vectus,
408 676 529 722 vigiliis
562 678 675 710 tamen
707 679 742 710 et
774 679 940 710 nocturno
966 675 1107 713 humore

50 729 259 774 palustrique
285 728 367 763 coelo
394 729 555 774 gravante
581 730 681 772 caput
706 730 740 761 et
766 727 843 773 quia
867 718 1022 763 medendi
1045 730 1108 762 nec

50 779 142 815 locus
160 791 220 814 nec
237 783 372 824 tempus
390 782 462 814 erat
479 778 584 813 altero
601 777 697 813 oculo
715 778 856 824 capitur

98 830 220 866 Multis
248 830 438 866 hominibus
463 829 691 875 jumentisque
721 829 814 864 foede
841 829 971 864 amissis
1004 842 1105 875 quum
1121 827 1179 869 (3)

51 881 188 917 tandem
215 882 256 917 de
282 881 460 928 paludibus
489 880 690 924 emersisset,
707 875 792 915 ubi
785 875 929 938 primum
956 881 991 915 in
1019 881 1107 916 sicco

52 933 174 979 potuit,
194 937 305 968 castra
324 933 421 974 locat,
441 935 637 977 certumque
660 944 720 977 per
741 932 930 978 praemissos
954 933 1109 978 explora-

52 988 143 1020 tores
163 984 281 1019 habuit
304 984 490 1019 exercitum
511 983 700 1018 Romanum
723 984 812 1018 circa
834 984 963 1018 Arretii
987 984 1109 1019 moenia

53 1047 137 1070 esse.
187 1035 342 1071 Consulis
360 1034 479 1070 deinde
496 1034 633 1069 consilia
649 1037 749 1081 atque
773 1035 921 1069 animum
944 1038 978 1070 et
1004 1035 1105 1070 situm
1122 1040 1141 1069 2

53 1087 227 1133 regionum
244 1087 431 1132 itineraque
454 1088 488 1121 et
505 1085 618 1130 copias
641 1085 683 1120 ad
707 1090 912 1121 commeatus
930 1086 1109 1132 expedien-

54 1138 114 1173 dos
133 1141 167 1173 et
185 1141 315 1181 caetera,
333 1150 406 1184 quae
424 1138 589 1183 cognosse
604 1136 641 1171 in
662 1149 730 1172 rem
749 1143 832 1180 erat,
850 1150 980 1172 summa
997 1138 1109 1173 omnia

54 1203 130 1226 cum
147 1203 228 1226 cura
243 1190 442 1237 inquirendo
467 1188 722 1234 exsequebatur.
772 1190 882 1236 Regio
899 1193 971 1226 erat
987 1191 1022 1225 in
1040 1191 1108 1236 pri·
1121 1198 1140 1227 3

54 1242 117 1277 mis
153 1242 260 1278 Italiae
288 1242 419 1284 fertilis,
447 1241 586 1276 Etrusci
613 1240 730 1286 campi,
759 1241 817 1287 qui
844 1241 991 1277 Faesulas
1019 1242 1109 1277 inter

54 1293 292 1340 Arretiumque
321 1294 444 1339 jacent,
474 1292 635 1327 frumenti
663 1304 701 1327 ac
728 1293 858 1338 peeoris
891 1297 926 1328 et
958 1293 1107 1328 omnium

55 1346 151 1390 copia
163 1357 273 1380 rerum
291 1344 451 1391 opulenti.
495 1343 621 1378 Consul
638 1342 733 1378 ferox
749 1344 790 1379 ab
804 1344 981 1379 consulatu
997 1345 1106 1391 priore
1122 1349 1144 1379 4

56 1399 90 1430 et
122 1407 191 1431 non
220 1395 319 1431 modo
350 1396 465 1441 legum
498 1397 556 1429 aut
589 1398 723 1440 patrum
754 1396 941 1441 majestatis
975 1396 1034 1431 sed
1065 1409 1108 1431 ne

57 1446 194 1482 deorum
222 1446 356 1493 quidem
385 1446 466 1481 satis
495 1448 668 1481 metuens:
699 1446 784 1481 hanc
810 1447 945 1482 insitam
974 1448 1108 1494 ingenio

57 1500 130 1543 ejus
153 1498 378 1533 temeritatem
400 1498 536 1532 fortuna
557 1509 717 1543 prospero
740 1497 892 1533 civilibus
914 1498 1124 1544 bellicisque)

57 1549 156 1584 rebus
190 1561 346 1584 successu
379 1549 528 1583 aluerat:
567 1548 682 1594 itaque
715 1549 797 1584 satis
830 1550 1013 1595 apparebat
1045 1562 1108 1585 nec

58 1600 137 1635 deos
154 1612 215 1635 nec
232 1600 383 1635 homines
405 1599 635 1635 consulentem
656 1599 813 1635 ferociter
835 1601 946 1636 omnia
969 1613 1006 1636 ac
1023 1614 1108 1647 prae-

57 1663 199 1697 propere
224 1658 387 1686 acturum.
437 1651 582 1697 Quoque
604 1651 739 1696 pronior
763 1655 852 1687 esset
874 1653 909 1687 in
931 1652 1014 1687 vitia
1035 1664 1106 1697 sua,
1120 1660 1140 1690 5

59 1703 186 1749 agitare
203 1715 279 1738 eum
300 1706 400 1749 atque
423 1702 556 1737 irritare
572 1702 697 1737 Poenus
719 1707 824 1749 parat,
841 1706 876 1738 et
892 1704 976 1739 laeva
991 1703 1108 1739 relicto

58 1754 156 1790 hoste
181 1754 329 1791 Faesulas
357 1756 474 1801 petens
503 1753 611 1789 medio
639 1754 784 1790 Etruriae
813 1766 894 1801 agro
922 1754 1110 1802 praedatum
