1298 1921
441 26 532 57 LIB.
555 24 680 56 xxiv.
705 26 799 55 4—6.
1089 26 1151 56 205

103 68 296 137 &hcgsssgd
319 97 513 136 societatem
537 101 732 141 Romanam,
757 95 937 134 certamine
962 109 1000 132 ac
1024 97 1147 133 studiis

102 152 272 188 interdum
287 152 323 187 in
339 164 375 187 se
387 151 626 187 convertebant
640 151 786 186 animum
800 149 1031 189 adolescentis,
1046 161 1150 194 quum

103 204 288 249 conjuratio
303 203 339 238 in
355 203 488 249 tyranni
505 207 605 248 caput
622 202 711 237 facta
726 200 892 236 indicatur
909 212 969 245 per
987 199 1145 235 Calonem

103 254 277 299 quendam,
296 255 454 300 aequalem
476 253 677 300 Hieronymi
701 255 735 288 et
750 254 821 297 jam
841 251 918 286 inde
943 263 962 286 a
986 263 1090 297 puero
1114 251 1149 286 in

103 306 214 341 omnia
228 305 402 341 familiaria
416 306 493 352 jura
515 306 701 340 adsuetum.
751 303 861 338 Index
882 315 986 337 unum
1009 314 1052 337 ex
1070 314 1149 337 con·
1163 305 1182 335 6

99 357 221 403 juratis
235 357 454 398 Theodotum,
471 369 491 391 a
507 368 572 402 quo
589 356 661 401 ipse
679 355 864 400 appellatus
881 356 963 395 erat,
978 353 1150 388 nominare

101 408 221 454 potuit,
239 409 296 454 qui
320 421 536 454 comprensus
553 407 720 452 extemplo
742 405 953 451 traditusque
970 404 1148 439 Andrano-

101 459 182 495 doro
213 460 420 505 torquendus
449 459 488 495 de
517 471 552 494 se
583 459 654 504 ipse
682 457 772 493 haud
803 460 1002 492 cunctanter
1034 456 1145 491 fassus

101 511 250 546 conscios
268 511 416 546 celabat:
441 514 618 556 postremo,
637 522 739 555 quum
759 508 911 544 omnibus
927 506 1145 542 intolerandis

102 562 271 608 patientiae
287 562 439 596 humanae
457 561 659 596 cruciatibus
676 560 887 603 laceraretur,
905 559 1031 594 victum
1049 558 1144 593 malis

101 626 137 648 se
162 613 320 648 simulans
348 613 470 647 avertit
494 612 536 647 ab
565 611 706 647 consciis
735 611 770 646 in
797 611 946 645 insontes
967 609 1144 656 judicium,

101 665 304 700 Thrasonem
328 676 400 699 esse
433 667 603 698 auctorem
631 662 759 698 consilii
790 662 962 703 mentitus,
989 673 1051 696 nec
1082 660 1148 695 nisi

100 718 170 750 tam
195 715 326 761 potenti
351 715 434 750 duce
459 714 598 749 confisos
618 727 689 749 rem
713 716 843 748 tantam
868 724 1020 753 ausuros,
1039 711 1080 747 ab
1100 711 1148 746 la-

100 769 172 801 tere
204 765 347 812 tyranni,
376 778 518 811 quorum
551 765 661 811 capita
692 765 854 800 vilissima
884 763 1026 809 fingenti
1057 763 1147 798 inter

100 817 229 852 dolores
246 817 457 863 gemitusque
479 829 662 852 occurrere.
711 816 860 850 Maxime
884 815 992 850 animo
1012 814 1147 861 tyranni
1163 823 1181 853 7

100 868 256 904 credibile
280 868 437 903 indicium
462 868 590 903 Thraso
613 867 805 902 nominatus
828 866 929 901 fecit:
954 866 1068 912 itaque
1089 877 1148 900 ex-

100 919 226 966 templo
249 919 395 954 traditur
413 918 455 954 ad
476 919 678 964 supplicium
703 918 891 964 adjectique
914 930 1018 963 poenae
1035 916 1148 952 caeteri

95 973 197 1016 juxta
220 971 379 1006 insontes.
428 970 646 1006 Consciorum
677 981 785 1013 nemo,
811 981 914 1015 quum
947 968 1005 1004 diu
1038 968 1181 1006 sociuss

100 1022 228 1058 consilii
250 1024 473 1068 torqueretur,
500 1025 559 1056 aut
583 1021 683 1056 latuit
706 1024 765 1055 aut
789 1020 898 1066 fugit:
924 1023 1057 1055 tantum
1081 1019 1146 1054 illis

100 1074 136 1109 in
154 1074 278 1109 virtute
295 1086 333 1109 30
354 1073 419 1109 fide
427 1073 599 1121 ‘Theodoti
621 1072 750 1107 fiduciae
773 1072 848 1115 fuit,
865 1074 1064 1117 tantumque
1080 1071 1147 1117 ipsi

101 1124 273 1160 Theodoto
289 1125 411 1160 virium
427 1124 468 1159 ad
485 1136 604 1159 arcana
620 1122 828 1159 occultanda.

149 1177 213 1219 Ita,
238 1175 328 1222 quod
354 1188 460 1211 unum
484 1175 653 1211 vinculum
683 1187 759 1210 cum
783 1173 946 1209 Romanis
974 1173 1145 1208 societatis
1160 1172 1219 1214 (6)

101 1229 183 1270 erat,
205 1227 375 1262 Thrasone
399 1227 531 1262 sublato
556 1239 574 1262 e
598 1225 717 1269 medio,
740 1225 908 1271 extemplo
932 1223 1022 1259 haud
1046 1224 1146 1259 dubie

102 1277 144 1313 ad
160 1278 378 1314 defectionem
394 1291 448 1313 res
469 1278 652 1324 spectabat,
671 1277 841 1323 legatique
863 1276 905 1311 ad
921 1275 1145 1311 Hannibalem

101 1330 195 1365 missi
211 1342 249 1365 30
261 1330 391 1365 remissi
407 1330 448 1364 ab
465 1342 504 1365 eo
521 1342 597 1364 cum
610 1328 800 1364 Hannibale
817 1327 921 1363 nobili
937 1327 1148 1362 adolescente

101 1380 330 1426 Hippocrates
354 1383 389 1415 et
410 1380 587 1426 Epicydes,
611 1380 683 1415 nati
707 1379 912 1425 Carthagine
932 1378 991 1413 sed
1015 1378 1148 1413 oriundi

101 1431 143 1466 ab
174 1432 346 1477 Syracusis
374 1431 488 1467 exsule
515 1444 586 1474 avo,
613 1431 710 1466 Poeni
741 1430 806 1476 ipsi
832 1435 984 1465 materno
1012 1442 1146 1475 genere,

101 1482 168 1518 Per
192 1483 253 1518 hos
274 1483 393 1528 juncta
419 1483 562 1518 societas
585 1481 770 1517 Hannibali
798 1493 836 1516 ac
862 1481 1069 1528 Syracusano
1095 1485 1147 1527 ty-
1163 1489 1181 1518 2

100 1546 216 1577 ranno,
251 1546 314 1569 nec
345 1534 451 1569 invito
480 1534 670 1569 Hannibale
696 1532 786 1579 apud
811 1536 991 1579 tyrannum
1019 1545 1147 1567 manse-

100 1589 191 1621 runt.
238 1585 370 1631 Appius
393 1585 553 1620 Claudius
574 1587 708 1630 praetor,
727 1586 822 1629 cujus
844 1584 956 1620 Sicilia
978 1584 1148 1629 provincia
1163 1593 1181 1621 3

101 1639 185 1677 erat,
201 1636 260 1672 ubi
276 1648 316 1672 ea
337 1637 476 1682 accepit,
495 1636 663 1682 extemplo
687 1635 816 1681 legatos
837 1635 879 1670 ad
901 1636 1149 1681 Hieronymum

102 1688 203 1730 misit,
231 1688 286 1734 qui
313 1701 415 1734 quum
440 1700 513 1723 sese
542 1687 584 1723 ad
606 1687 829 1722 renovandam
854 1687 1049 1722 societatem
1074 1699 1148 1732 quae

103 1751 180 1776 cum
201 1751 264 1776 avo
287 1739 408 1776 fuisset
424 1739 555 1776 venisse
580 1739 738 1782 dicerent,
756 1751 815 1785 per
838 1738 1020 1775 ludibrium
1043 1737 1149 1773 auditi
