1298 1921
401 215 545 251 ΤΙΤΙ
593 214 774 252 LIVII

115 315 229 372 AB
298 314 550 372 URBE
621 316 1068 376 CONDITA

284 426 871 466 HISTORIARUM.

426 619 576 655 LIBER
599 620 747 656 XXIII.

109 771 160 804 ΕΤ
194 769 363 805 Hannibal
395 773 472 816 post
509 771 718 807 Cannensem
753 783 902 817 pugnam
941 774 1118 818 castraque
1131 773 1182 814 (1)

61 820 192 867 direpta
208 821 384 856 confestim
402 835 443 857 ex
460 823 584 868 Apulia
600 824 635 857 in
657 823 829 857 Samnium
850 827 1011 866 moverat,
1031 824 1118 859 acci-

61 875 117 907 tus
142 872 177 907 in
201 872 364 918 Hirpinos
389 885 408 908 a
434 874 542 908 Statio
568 873 690 909 Trebio
719 874 898 920 pollicente
929 887 963 909 se
992 877 1119 919 Comp-

61 935 131 958 sam
148 923 360 959 traditurum.
409 925 619 970 Compsanus
637 928 708 960 erat
733 925 874 960 Trebius
891 925 1012 961 nobilis
1029 926 1118 961 inter
1129 935 1148 963 2

61 986 158 1009 suos:
191 974 250 1010 sed
282 975 453 1021 premebat
482 989 559 1011 eum
590 976 805 1022 Mopsiorum
837 977 950 1020 factio,
983 977 1117 1013 familiae

60 1037 120 1071 per
147 1026 290 1070 gratiam
316 1027 546 1062 Romanorum
573 1028 745 1073 potentis:
773 1030 849 1072 post
877 1028 999 1062 famam
1031 1029 1119 1063 Can-

59 1077 172 1112 nensis
201 1090 324 1123 pugnae
349 1078 590 1125 vulgatumque
622 1079 735 1114 Trebii
760 1079 969 1114 sermonibus
996 1080 1117 1115 adven-

60 1132 134 1163 tum
147 1128 347 1164 Hannibalis
359 1142 464 1174 quum
478 1130 658 1174 Compsam
671 1130 787 1166 urbem
800 1131 1033 1173 excessissent,
1047 1132 1119 1167 sine

60 1180 240 1215 certamine
264 1180 390 1215 tradita
413 1181 493 1216 urbs
523 1182 628 1217 Poeno
653 1182 912 1228 praesidiumque
943 1187 1118 1228 acceptum

59 1233 122 1265 est.
171 1231 226 1266 Ibi
243 1232 354 1277 praeda
369 1233 460 1268 omni
478 1236 579 1279 atque
601 1233 849 1279 impedimentis
871 1233 996 1269 relictis
1019 1242 1147 1270 exer-3

59 1282 131 1317 citu
161 1283 286 1330 partito
318 1283 501 1330 Magonem
533 1284 679 1330 regionis
712 1286 785 1330 ejus
813 1285 913 1320 urbes
943 1291 1001 1320 aut
1035 1285 1114 1321 defi-

60 1335 186 1370 cientes
209 1335 249 1371 ab
266 1336 428 1371 Romanis
445 1337 594 1383 accipere
613 1340 670 1372 aut
689 1337 917 1372 detractantes
935 1349 1054 1384 cogere
1072 1338 1115 1373 ad

59 1385 280 1422 defectionem
309 1387 416 1433 jubet,
445 1388 517 1433 ipse
545 1401 605 1434 per
637 1401 756 1434 agrum
785 1388 994 1434 Campanum
1023 1402 1113 1425 mare

58 1437 203 1472 inferum
219 1438 306 1483 petit
331 1442 588 1485 oppugnaturus
610 1440 798 1485 Neapolim,
824 1445 862 1475 ut
879 1440 997 1475 urbem
1017 1441 1114 1476 mari-

58 1489 176 1523 timam
207 1489 354 1525 haberet.
415 1490 485 1525 Ubi
516 1491 600 1526 fines
630 1491 931 1540 Neapolitanorum
962 1492 1145 1533 intravit,4

59 1539 241 1575 Numidas
258 1541 382 1586 partim
413 1541 449 1576 in
475 1541 689 1577 insidiis—et
718 1542 886 1588 pleraeque
916 1555 1005 1578 cavae
1034 1548 1114 1579 sunt

58 1592 121 1626 viae
146 1593 305 1638 sinusque
330 1593 711 1639 occulti—quacumque
737 1597 816 1640 apte
842 1596 975 1640 poterat
1002 1594 1115 1641 dispo-

58 1643 137 1686 suit,
161 1643 242 1678 alios
265 1656 332 1689 prae
354 1656 390 1679 se
414 1647 523 1679 actam
548 1644 693 1691 praedam
719 1658 762 1681 ex
787 1646 876 1692 agris
902 1649 1113 1681 ostentantes

59 1694 253 1741 obequitare
278 1695 386 1740 portis
408 1695 522 1741 jussit.
572 1697 614 1731 In
641 1708 735 1742 quos,
764 1697 843 1743 quia
867 1709 930 1732 nec
956 1697 1055 1732 multi
1079 1701 1144 1738 et5

59 1745 272 1792 incompositi
287 1745 498 1791 videbantur,
515 1759 620 1793 quum
635 1750 749 1782 turma
764 1747 917 1794 equitum
934 1748 1114 1794 erupisset,
