1298 1921
411 13 500 44 LIB.
524 12 622 44 xxi.
645 0 802 44 60—62J
1075 13 1117 43 63

64 56 225 135 ghimmiii·
249 101 311 130 ern,
330 100 404 134 quae
426 90 527 134 caput
547 88 618 133 ejus
641 87 759 134 populi
783 89 864 129 erat,
891 86 1116 130 circumsedit,

63 140 218 186 intraque
240 140 310 174 dies
327 151 461 185 paucos,
478 139 629 185 pluribus
652 151 749 185 quam
768 144 845 174 ante
868 138 1041 173 obsidibus
1058 138 1118 173 im-

62 192 198 238 peratis,
220 190 385 236 Ilergetes
410 191 552 236 pecunia
573 190 674 225 etiam
698 189 859 225 multatos
881 190 917 225 in
933 192 992 234 jus
1018 188 1118 224 djtio-

62 254 204 288 nemque
232 241 368 287 recepit.
418 241 501 276 Inde
528 241 564 276 in
590 243 780 276 Ausetanos
806 253 908 287 prope
936 240 1148 283 Hiberum,7

62 294 169 329 socios
194 296 228 328 et
250 293 340 339 ipsos
365 293 555 334 Poenorum,
583 292 744 339 procedit,
767 296 868 339 atque
892 291 975 328 urbe
1000 304 1116 328 eorum

61 344 197 380 obsessa
228 344 416 379 Lacetanos
455 344 616 379 auxilium
648 344 798 379 finitimis
831 343 978 379 ferentes
1015 346 1116 378 nocte

61 395 151 430 haud
167 395 283 442 procul
294 398 364 441 jam
389 395 481 437 urbe,
502 408 605 441 quum
625 395 750 430 intrare
767 395 900 437 vellent,
919 395 1050 441 excepit
1067 395 1116 430 in-

61 447 171 483 sidiis:
205 460 293 483 caesa
316 447 358 482 ad
391 447 565 482 duodecim
596 447 708 488 millia,
734 447 831 482 exuti
863 459 966 493 prope
999 459 1114 482 omnes

61 500 160 534 armis
177 498 291 534 domos
309 499 432 545 passim
450 499 599 544 palantes
622 511 681 544 per
698 511 795 545 agros
817 498 989 544 diffugere.
1038 499 1113 534 Nec
1126 505 1145 536 8

60 549 212 585 obsessos
229 551 295 585 alia
310 550 378 585 ulla
393 563 446 585 res
464 562 563 596 quam
580 550 694 595 iniqua
716 549 988 596 oppugnantibus
1006 549 1113 585 hiems

59 601 257 637 tutabatur:
295 601 436 647 triginta
464 601 533 636 dies
562 601 690 636 obsidio
723 601 799 643 fuit,
830 613 890 647 per
922 613 1006 647 quos
1038 613 1114 636 raro

59 665 215 698 umquam
240 653 298 688 nix
314 653 425 688 minus
443 655 586 698 quatuor
612 652 711 698 pedes
729 652 797 686 alta
811 652 937 698 jacuit:
964 651 1113 698 adeoque

59 703 191 748 pluteos
221 716 259 739 ac
285 704 399 739 vineas
425 704 656 739 Romanorum
689 707 877 749 operuerat,
904 706 943 738 ut
975 715 1015 738 ea
1043 703 1114 738 sola

59 754 192 800 ignibus
210 755 408 800 aliquotiens
422 755 582 800 conjectis
600 755 640 789 ab
657 755 753 789 hoste
767 754 867 789 etiam
884 758 1112 790 tutamentum

58 805 170 841 fuerit.
218 806 404 848 Postremo,
431 819 533 852 quum
556 806 736 841 Amusicus
758 806 912 852 princeps
938 818 1053 840 eorum
1071 806 1142 842 ad9

58 856 305 893 Hasdrubalem
330 858 546 904 profugisset,
564 858 687 904 viginti
708 857 840 903 argenti
861 857 998 892 talentis
1021 858 1112 904 pacti

59 907 236 944 deduntur.
285 909 506 945 Tarraconem
522 909 558 944 in
573 909 713 944 hiberna
728 908 873 944 reditum
891 913 953 944 est.

106 960 219 996 Romae
236 964 294 996 aut
312 961 400 996 eirca
415 961 533 996 urbem
549 960 656 995 multa
672 972 711 995 ea
726 960 834 995 hieme
851 960 1003 1006 prodigia
1021 960 1111 996 facta
1124 959 1207 1001 (62)

58 1014 127 1052 aut,
143 1011 231 1057 quod
248 1012 379 1047 evenire
393 1012 476 1047 solet
494 1012 593 1047 motis
611 1011 712 1046 semel
725 1012 760 1046 in
773 1011 966 1058 religionem
981 1012 1110 1056 animis,

58 1062 164 1097 multa
175 1063 330 1098 nuntiata
342 1066 376 1098 et
389 1066 514 1098 temere
527 1062 654 1098 credita
671 1067 765 1098 sunt:
791 1063 826 1097 in
839 1063 913 1108 quis
926 1063 1109 1109 ingenuum

56 1113 219 1149 infantem
248 1118 466 1150 semenstrem
489 1115 525 1149 in
548 1114 620 1149 foro
646 1114 777 1149 olitorio
802 1115 1011 1159 triumphum
1043 1114 1110 1150 cla-

57 1176 174 1207 masse,
193 1169 227 1200 et
245 1165 317 1200 foro
333 1165 469 1201 bovario
486 1165 605 1201 bovem
621 1165 656 1200 in
671 1167 807 1202 tertiam
825 1165 1107 1211 contignationem

56 1227 117 1250 sua
139 1220 258 1262 sponte
283 1217 470 1252 escendisse
491 1221 592 1262 atque
612 1216 689 1252 inde
713 1216 863 1252 tumultu
883 1216 1110 1253 habitatorum

57 1267 217 1302 territum
249 1280 322 1303 sese
355 1268 524 1314 dejecisse,
552 1272 586 1303 et
619 1269 752 1302 navium
787 1267 931 1314 speciem
957 1268 998 1303 de
1026 1269 1110 1304 coelo

55 1317 241 1362 adfulsisse,
273 1322 308 1354 et
340 1319 444 1355 aedem
478 1319 565 1364 Spei,
601 1332 674 1365 quae
707 1322 759 1354 est
791 1320 827 1354 in
858 1319 931 1354 foro
967 1319 1109 1363 olitorio,

54 1369 192 1405 fulmine
224 1371 336 1414 ictam,
364 1374 398 1406 et
430 1371 575 1406 Lanuvii
604 1371 734 1405 hastam
764 1383 800 1405 se
828 1371 1046 1406 commovisse
1074 1376 1109 1406 et

54 1432 191 1455 corvum
215 1421 250 1456 in
275 1421 378 1457 aedem
400 1422 422 1456 J
425 1423 544 1457 unouis
570 1421 741 1457 devolasse
764 1425 864 1468 atquc
886 1422 921 1457 in
940 1422 1013 1467 ipso
1036 1423 1108 1468 pul-

53 1472 180 1506 vinario
202 1473 402 1516 consedisse,
427 1477 461 1508 et
486 1473 520 1508 in
546 1485 626 1519 agro
650 1473 863 1508 Amiternino
887 1473 1002 1508 multis
1027 1473 1108 1509 locis

0 1519 1 1524 ¹
53 1523 224 1558 hominum
241 1524 350 1570 specie
367 1525 483 1570 procul
499 1524 639 1560 candida
654 1528 748 1559 veste
764 1524 853 1559 visos
870 1537 931 1560 nec
948 1537 1024 1560 cum
1041 1525 1108 1560 ullo

52 1586 262 1620 congressos,
287 1578 322 1610 et
352 1576 386 1610 in
411 1576 535 1610 Piceno
567 1575 732 1621 lapidibus
757 1575 914 1622 pluvisse,
943 1580 977 1611 et
1014 1576 1108 1612 Caere

52 1633 160 1660 sortes
186 1629 395 1669 extenuatas,
415 1630 448 1662 et
466 1627 501 1662 in
522 1627 629 1662 Gallia
645 1627 761 1673 lupum
779 1627 872 1673 vigili
897 1628 1044 1673 gladium
1066 1641 1107 1663 ex

52 1678 173 1723 vagina
198 1680 333 1723 raptum
359 1678 548 1713 abstulisse.
598 1678 650 1713 Ob
676 1682 797 1714 caetera
821 1679 974 1725 prodigia
1006 1679 1106 1714 libros
1123 1686 1140 1714 2

52 1728 142 1764 adire
165 1728 343 1764 decemviri
363 1730 473 1775 jussi:
500 1729 590 1776 quod
614 1733 726 1764 autem
748 1730 917 1775 lapidibus
943 1731 1107 1775 pluvisset

52 1779 86 1814 in
107 1780 244 1815 Piceno.
261 1780 467 1815 novemdiale
492 1793 621 1816 sacrum
648 1780 805 1822 edictum,
824 1785 859 1816 et
876 1781 1018 1817 subinde
1034 1781 1107 1817 aliis
