1298 1921
181 47 239 76 196
423 47 458 76 Τ.
485 47 603 77 LIVII
633 47 966 85 HISTORIARUM
1060 87 1096 121 [A
1121 89 1140 113 C
1166 89 1214 113 215

149 120 272 156 7Huic
300 132 420 165 pugnae
446 121 593 166 equestri
617 134 833 167 rem—quam
858 134 937 157 vera
960 121 1014 163 sit,
1041 122 1223 156 communis

180 176 270 206 certe
288 172 491 206 existimatio
509 173 788 208 est—mirabilem
807 177 897 208 certe
914 173 1073 217 adjiciunt
1091 172 1225 218 quidam

181 222 335 257 annales:
370 235 471 268 quum
495 223 716 268 refugientem
741 226 782 258 ad
806 223 921 259 urbem
944 224 1106 258 Tauream
1129 223 1225 258 Clau-

181 273 255 308 dius
282 277 488 318 sequeretur,
515 274 643 319 patenti
670 274 819 309 hostium
843 282 949 319 portae
974 275 1140 309 invectum
1166 286 1225 318 per

182 324 318 359 alteram
346 324 558 369 stupentibus
587 325 745 360 miraculo
773 325 926 360 hostibus
958 325 1121 360 intactum
1150 337 1225 359 eva-

91 374 275 416 (48)sisse.
325 376 451 414 Quieta
466 375 542 410 inde
561 376 684 410 stativa
700 377 802 420 fuere,
821 389 858 411 ac
875 380 964 411 retro
987 377 1084 411 etiam
1109 375 1225 411 consul

182 427 286 461 movit
309 433 420 462 castra
441 430 479 461 ut
503 431 686 462 sementem
703 428 863 473 Campani
886 428 1044 469 facerent,
1064 439 1124 462 nce
1146 431 1225 461 ante

184 478 317 512 violavit
338 491 454 523 agrum
478 478 683 524 Campanum
706 491 803 524 quam
819 479 887 524 jam
910 479 985 514 altae
1001 479 1035 512 in
1055 478 1224 523 segetibus

182 529 292 564 herbae
310 529 467 574 pabulum
485 530 630 574 praebere
649 533 822 575 poterant:
848 529 883 564 id
899 529 1055 564 convexit
1075 529 1108 563 in
1127 529 1221 563 Clau-

183 580 281 614 diana
297 584 407 614 castra
423 593 523 625 super
542 580 731 615 Suessulam
748 581 860 626 ibique
876 581 1014 615 hiberna
1030 579 1202 614 aedificavit
1216 594 1223 613 ;

183 631 233 666 M.
253 631 392 666 Claudio
417 631 605 676 proconsuli
629 631 803 677 imperavit
828 635 866 666 ut
891 635 1022 666 retento
1047 630 1144 665 Nolae
1167 642 1225 664 ne-

184 682 327 717 cessario
355 681 397 716 ad
424 682 582 717 tuendam
610 682 724 717 urbem
758 682 910 728 praesidio
939 686 1076 717 caeteros
1104 681 1225 715 milites

185 733 369 768 dimitteret
387 734 538 772 Romam,
556 746 597 768 ne
614 734 707 768 oneri
729 734 826 768 sociis
844 737 878 768 et
901 733 1049 779 sumptui
1073 733 1119 767 rei
1142 731 1226 777 pub-

158 784 256 819 2licae
285 788 406 819 essent.
456 785 502 819 Et
526 784 598 819 Tib.
619 785 786 819 Gracchus
810 797 829 819 a
854 785 967 819 Cumis
992 784 1166 818 Luceriam
1192 783 1226 818 in

185 835 341 881 Apuliam
373 835 520 881 legiones
555 848 656 881 quum
689 835 848 877 duxisset,
879 836 928 870 M.
947 835 1118 869 Valerium
1150 833 1226 868 inde

185 891 360 932 praetorem
378 886 594 921 Brundisium
612 899 686 921 cum
710 899 748 921 eo
772 899 867 932 quem
891 886 1042 921 Luceriae
1065 885 1226 920 habuerat

186 938 336 973 exercitu
364 938 464 981 misit,
490 938 644 982 tuerique
673 950 763 971 oram
792 938 863 983 agri
891 936 1065 971 Sallentini
1093 940 1128 970 et
1153 949 1227 981 pro-

188 990 306 1032 videre,
338 990 427 1036 quod
458 990 500 1025 ad
528 990 720 1035 Philippum
752 989 940 1035 bellumque
972 988 1226 1023 Macedonicum

186 1041 362 1084 adtineret,
375 1041 490 1086 jussit.

156 1100 176 1129 3
231 1091 338 1128 Exitu
371 1093 497 1127 {estatis
530 1092 611 1136 ejus,
643 1104 707 1138 qua
734 1091 804 1126 haec
836 1093 932 1137 gesta
964 1089 1226 1136 perscripsimus,

184 1143 306 1179 litterae
323 1156 342 1178 a
357 1144 395 1178 P.
411 1147 445 1178 et
463 1144 523 1178 Cn.
543 1143 753 1189 Scipionibus
771 1145 944 1184 venerunt,
959 1145 1100 1187 quantas
1118 1154 1228 1187 quam-

185 1207 250 1239 que
267 1207 439 1240 prosperas
457 1195 490 1229 in
507 1194 672 1240 Hispania.
687 1207 740 1229 res
757 1194 959 1240 gessissent:
985 1192 1043 1227 sed
1058 1193 1229 1238 pecuniam

185 1246 221 1280 in
237 1246 440 1291 stipendium
457 1246 723 1291 vestimentaque
744 1250 778 1280 et
794 1245 1001 1280 frumentum
1018 1244 1179 1278 exercitui
1196 1247 1229 1278 et

156 1297 283 1335 4sociis
315 1297 487 1332 navalibus
520 1297 631 1331 onmia
663 1296 786 1331 deesse.
837 1296 938 1334 Quod
962 1295 1003 1330 ad
1028 1295 1229 1341 stipendium

185 1348 343 1390 adtineat,
378 1348 408 1383 si
440 1348 593 1383 aerarium
624 1348 721 1392 inops
754 1347 808 1389 sit,
834 1360 869 1382 se
903 1347 1044 1393 aliquam
1068 1346 1230 1381 rationem

185 1399 337 1443 inituros,
356 1412 420 1445 quo
438 1399 535 1434 modo
552 1399 592 1434 ab
614 1399 776 1444 Hispanis
794 1402 948 1433 sumant:
975 1401 1095 1433 caetera
1114 1397 1230 1442 utique

186 1450 227 1486 ab
252 1451 362 1485 Roma
385 1450 549 1485 mittenda
573 1462 655 1492 esse,
676 1462 737 1485 nec
762 1450 858 1485 aliter
882 1452 940 1484 aut
965 1449 1147 1484 exereitum
1171 1451 1229 1482 aut

157 1502 388 1548 5provinciam
414 1502 521 1537 teneri
545 1514 650 1547 posse.
697 1501 838 1536 Litteris
865 1500 1013 1536 recitatis
1041 1512 1137 1535 nemo
1162 1511 1231 1533 om-

186 1553 279 1588 nium
296 1557 367 1588 erat
385 1554 465 1599 quin
487 1556 521 1588 et
538 1566 616 1588 vera
639 1552 737 1587 scribi
756 1556 790 1588 et
814 1552 976 1598 postulari
1001 1563 1095 1597 aequa
1110 1550 1231 1585 fatere-

187 1607 264 1639 tur:
290 1604 347 1639 sed
361 1604 554 1639 occurrebat
572 1604 698 1646 animis,
714 1606 855 1649 quantos
873 1603 1040 1639 exercitus
1054 1605 1230 1637 terrestres

187 1655 385 1701 navalesque
407 1659 584 1690 tuerentur
604 1660 793 1701 quantaque
815 1667 900 1690 nova
924 1654 1038 1690 classis
1060 1665 1135 1688 mox
1157 1665 1231 1697 par-

158 1716 176 1746 6
188 1707 273 1742 anda
285 1710 382 1748 esset,
395 1707 423 1742 si
435 1707 557 1742 bellum
571 1706 824 1742 Macedonicum
837 1709 1036 1741 moveretur.
1087 1704 1230 1739 Siciliam

187 1771 226 1794 uc
249 1758 443 1802 Sardiniam,
461 1771 533 1805 quie
558 1761 635 1794 ante
655 1758 776 1793 bellum
802 1758 981 1804 vectigales
1002 1756 1154 1798 fuissent,
1173 1756 1230 1792 vix
