<?xml version="1.0" encoding="UTF-8"?>
<!DOCTYPE html PUBLIC "-//W3C//DTD XHTML 1.0 Transitional//EN"
    "http://www.w3.org/TR/xhtml1/DTD/xhtml1-transitional.dtd">
<html xmlns="http://www.w3.org/1999/xhtml" xml:lang="en" lang="en">
 <head>
  <title>
</title>
<meta http-equiv="Content-Type" content="text/html;charset=utf-8" />
  <meta name='ocr-system' content='tesseract 3.04.00' />
  <meta name='ocr-capabilities' content='ocr_page ocr_carea ocr_par ocr_line ocrx_word'/>
</head>
<body>
  <div class='ocr_page' id='page_1' title='image "./booksxxixxivwith00livyuoft_0070.png"; bbox 0 0 1298 1921; ppageno 0'>
   <div class='ocr_carea' id='block_1_1' title="bbox 200 37 1249 161">
    <p class='ocr_par' dir='ltr' id='par_1_1' title="bbox 200 37 1249 161">
     <span class='ocr_line' id='line_1_1' title="bbox 201 37 998 69; baseline 0.001 -1"><span class='ocrx_word' id='word_1_1' title='bbox 201 39 242 69; x_wconf 78' lang='lat'>48</span> <span class='ocrx_word' id='word_1_2' title='bbox 456 38 492 68; x_wconf 89' lang='lat' dir='ltr'>T.</span> <span class='ocrx_word' id='word_1_3' title='bbox 519 37 637 68; x_wconf 84' lang='lat' dir='ltr'>LIVII</span> <span class='ocrx_word' id='word_1_4' title='bbox 662 38 998 69; x_wconf 82' lang='lat' dir='ltr'>HISTORIARUM</span> 
     </span>
     <span class='ocr_line' id='line_1_2' title="bbox 200 82 1249 161; baseline 0.002 -13"><span class='ocrx_word' id='word_1_5' title='bbox 200 126 333 159; x_wconf 86' lang='lat' dir='ltr'>perasse</span> <span class='ocrx_word' id='word_1_6' title='bbox 355 113 424 148; x_wconf 90' lang='lat' dir='ltr'>veri</span> <span class='ocrx_word' id='word_1_7' title='bbox 450 113 556 149; x_wconf 88' lang='lat' dir='ltr'>simile</span> <span class='ocrx_word' id='word_1_8' title='bbox 580 116 643 156; x_wconf 86' lang='lat' dir='ltr'>est,</span> <span class='ocrx_word' id='word_1_9' title='bbox 659 116 698 149; x_wconf 88' lang='lat' dir='ltr'>ut</span> <span class='ocrx_word' id='word_1_10' title='bbox 716 117 787 159; x_wconf 86' lang='lat' dir='ltr'>jam</span> <span class='ocrx_word' id='word_1_11' title='bbox 813 115 982 161; x_wconf 81' lang='lat' dir='ltr'>Hispanos</span> <span class='ocrx_word' id='word_1_12' title='bbox 1006 82 1249 150; x_wconf 43' lang='lat' dir='ltr'>Offinggicliifffi</span> 
     </span>
    </p>
   </div>
   <div class='ocr_carea' id='block_1_2' title="bbox 110 165 1298 1798">
    <p class='ocr_par' dir='ltr' id='par_1_2' title="bbox 110 165 1298 1798">
     <span class='ocr_line' id='line_1_3' title="bbox 200 165 1249 206; baseline 0.002 -7"><span class='ocrx_word' id='word_1_13' title='bbox 200 165 407 200; x_wconf 82' lang='lat' dir='ltr'>travexerint</span> <span class='ocrx_word' id='word_1_14' title='bbox 434 168 538 206; x_wconf 89' lang='lat' dir='ltr'>utres,</span> <span class='ocrx_word' id='word_1_15' title='bbox 566 168 599 200; x_wconf 91' lang='lat' dir='ltr'>et</span> <span class='ocrx_word' id='word_1_16' title='bbox 628 166 809 200; x_wconf 89' lang='lat' dir='ltr'>multorum</span> <span class='ocrx_word' id='word_1_17' title='bbox 839 166 966 201; x_wconf 88' lang='lat' dir='ltr'>dierum</span> <span class='ocrx_word' id='word_1_18' title='bbox 996 167 1138 202; x_wconf 88' lang='lat' dir='ltr'>circuitu</span> <span class='ocrx_word' id='word_1_19' title='bbox 1166 167 1249 201; x_wconf 82' lang='lat' dir='ltr'>Padi</span> 
     </span>
     <span class='ocr_line' id='line_1_4' title="bbox 200 215 1249 263; baseline 0.001 -13"><span class='ocrx_word' id='word_1_20' title='bbox 200 216 285 251; x_wconf 89' lang='lat' dir='ltr'>vada</span> <span class='ocrx_word' id='word_1_21' title='bbox 301 215 446 261; x_wconf 86' lang='lat' dir='ltr'>petenda</span> <span class='ocrx_word' id='word_1_22' title='bbox 462 216 597 257; x_wconf 88' lang='lat' dir='ltr'>fuerint,</span> <span class='ocrx_word' id='word_1_23' title='bbox 614 229 680 261; x_wconf 88' lang='lat' dir='ltr'>qua</span> <span class='ocrx_word' id='word_1_24' title='bbox 696 217 865 252; x_wconf 77' lang='lat' dir='ltr'>exercitus</span> <span class='ocrx_word' id='word_1_25' title='bbox 879 217 989 263; x_wconf 82' lang='lat' dir='ltr'>gravis</span> <span class='ocrx_word' id='word_1_26' title='bbox 1003 217 1249 262; x_wconf 74' lang='lat' dir='ltr'>impedimentis</span> 
     </span>
     <span class='ocr_line' id='line_1_5' title="bbox 200 267 1249 314; baseline 0.001 -12"><span class='ocrx_word' id='word_1_27' title='bbox 200 267 332 302; x_wconf 77' lang='lat' dir='ltr'><strong>traduci</strong></span> <span class='ocrx_word' id='word_1_28' title='bbox 360 270 494 312; x_wconf 85' lang='lat' dir='ltr'>posset:</span> <span class='ocrx_word' id='word_1_29' title='bbox 521 267 667 313; x_wconf 89' lang='lat' dir='ltr'>potiores</span> <span class='ocrx_word' id='word_1_30' title='bbox 698 268 787 313; x_wconf 88' lang='lat' dir='ltr'>apud</span> <span class='ocrx_word' id='word_1_31' title='bbox 812 281 864 303; x_wconf 88' lang='lat' dir='ltr'>me</span> <span class='ocrx_word' id='word_1_32' title='bbox 894 273 1046 303; x_wconf 82' lang='lat' dir='ltr'>auctores</span> <span class='ocrx_word' id='word_1_33' title='bbox 1074 272 1164 310; x_wconf 86' lang='lat' dir='ltr'>sunt,</span> <span class='ocrx_word' id='word_1_34' title='bbox 1192 269 1249 314; x_wconf 88' lang='lat' dir='ltr'>qui</span> 
     </span>
     <span class='ocr_line' id='line_1_6' title="bbox 201 318 1250 364; baseline 0.002 -12"><span class='ocrx_word' id='word_1_35' title='bbox 201 318 303 353; x_wconf 89' lang='lat' dir='ltr'>biduo</span> <span class='ocrx_word' id='word_1_36' title='bbox 328 318 383 352; x_wconf 81' lang='lat' dir='ltr'>vix</span> <span class='ocrx_word' id='word_1_37' title='bbox 408 318 515 353; x_wconf 89' lang='lat' dir='ltr'>locum</span> <span class='ocrx_word' id='word_1_38' title='bbox 543 322 614 353; x_wconf 86' lang='lat' dir='ltr'>rate</span> <span class='ocrx_word' id='word_1_39' title='bbox 637 318 808 364; x_wconf 83' lang='lat' dir='ltr'>jungendo</span> <span class='ocrx_word' id='word_1_40' title='bbox 833 320 961 354; x_wconf 79' lang='lat' dir='ltr'>flumini</span> <span class='ocrx_word' id='word_1_41' title='bbox 984 320 1155 354; x_wconf 82' lang='lat' dir='ltr'>inventum</span> <span class='ocrx_word' id='word_1_42' title='bbox 1182 324 1250 354; x_wconf 86' lang='lat' dir='ltr'>tra-</span> 
     </span>
     <span class='ocr_line' id='line_1_7' title="bbox 201 369 1248 416; baseline 0.001 -12"><span class='ocrx_word' id='word_1_43' title='bbox 201 369 296 411; x_wconf 89' lang='lat' dir='ltr'>dunt,</span> <span class='ocrx_word' id='word_1_44' title='bbox 321 382 360 404; x_wconf 80' lang='lat' dir='ltr'>ea</span> <span class='ocrx_word' id='word_1_45' title='bbox 384 381 460 404; x_wconf 85' lang='lat' dir='ltr'>cum</span> <span class='ocrx_word' id='word_1_46' title='bbox 486 370 631 415; x_wconf 83' lang='lat' dir='ltr'>Magone</span> <span class='ocrx_word' id='word_1_47' title='bbox 661 370 789 415; x_wconf 83' lang='lat' dir='ltr'><strong>equites</strong></span> <span class='ocrx_word' id='word_1_48' title='bbox 820 371 1047 416; x_wconf 78' lang='lat' dir='ltr'>Hispanorum</span> <span class='ocrx_word' id='word_1_49' title='bbox 1077 370 1248 415; x_wconf 80' lang='lat' dir='ltr'>expeditos</span> 
     </span>
     <span class='ocr_line' id='line_1_8' title="bbox 170 420 1246 467; baseline 0.001 -12"><span class='ocrx_word' id='word_1_50' title='bbox 170 427 187 460; x_wconf 83' lang='grc'><em>7</em></span> <span class='ocrx_word' id='word_1_51' title='bbox 202 421 398 466; x_wconf 69' lang='lat' dir='ltr'>praemissos</span> <span class='ocrx_word' id='word_1_52' title='bbox 446 420 537 455; x_wconf 89' lang='lat' dir='ltr'>Dum</span> <span class='ocrx_word' id='word_1_53' title='bbox 568 421 747 462; x_wconf 80' lang='lat' dir='ltr'>Hannibal,</span> <span class='ocrx_word' id='word_1_54' title='bbox 769 421 857 456; x_wconf 86' lang='lat' dir='ltr'>circa</span> <span class='ocrx_word' id='word_1_55' title='bbox 879 422 1002 456; x_wconf 88' lang='lat' dir='ltr'>flumen</span> <span class='ocrx_word' id='word_1_56' title='bbox 1022 422 1246 467; x_wconf 74' lang='lat' dir='ltr'>legationibus</span> 
     </span>
     <span class='ocr_line' id='line_1_9' title="bbox 202 471 1248 518; baseline 0.001 -12"><span class='ocrx_word' id='word_1_57' title='bbox 202 471 372 506; x_wconf 78' lang='lat' dir='ltr'>Gallorum</span> <span class='ocrx_word' id='word_1_58' title='bbox 396 471 568 506; x_wconf 83' lang='lat' dir='ltr'>audiendis</span> <span class='ocrx_word' id='word_1_59' title='bbox 594 475 752 513; x_wconf 82' lang='lat' dir='ltr'>moratus,</span> <span class='ocrx_word' id='word_1_60' title='bbox 782 473 908 517; x_wconf 78' lang='lat' dir='ltr'>trajicit</span> <span class='ocrx_word' id='word_1_61' title='bbox 935 473 1069 517; x_wconf 76' lang='lat' dir='ltr'>gravius</span> <span class='ocrx_word' id='word_1_62' title='bbox 1098 473 1248 518; x_wconf 86' lang='lat' dir='ltr'>peditum</span> 
     </span>
     <span class='ocr_line' id='line_1_10' title="bbox 201 523 1248 569; baseline 0 -11"><span class='ocrx_word' id='word_1_63' title='bbox 201 535 330 568; x_wconf 84' lang='lat' dir='ltr'>agmen,</span> <span class='ocrx_word' id='word_1_64' title='bbox 357 523 490 557; x_wconf 84' lang='lat' dir='ltr'>interim</span> <span class='ocrx_word' id='word_1_65' title='bbox 513 523 617 568; x_wconf 80' lang='lat' dir='ltr'>Mago</span> <span class='ocrx_word' id='word_1_66' title='bbox 642 523 837 569; x_wconf 79' lang='lat' dir='ltr'>equitesque</span> <span class='ocrx_word' id='word_1_67' title='bbox 863 524 903 558; x_wconf 88' lang='lat' dir='ltr'>ab</span> <span class='ocrx_word' id='word_1_68' title='bbox 932 524 1078 558; x_wconf 85' lang='lat' dir='ltr'>transitu</span> <span class='ocrx_word' id='word_1_69' title='bbox 1104 524 1248 558; x_wconf 87' lang='lat' dir='ltr'>fluminis</span> 
     </span>
     <span class='ocr_line' id='line_1_11' title="bbox 202 574 1247 610; baseline 0 -1"><span class='ocrx_word' id='word_1_70' title='bbox 202 575 268 609; x_wconf 88' lang='lat' dir='ltr'>diei</span> <span class='ocrx_word' id='word_1_71' title='bbox 299 574 398 609; x_wconf 85' lang='lat' dir='ltr'>unius</span> <span class='ocrx_word' id='word_1_72' title='bbox 431 574 549 608; x_wconf 87' lang='lat' dir='ltr'>itinere</span> <span class='ocrx_word' id='word_1_73' title='bbox 581 574 785 609; x_wconf 77' lang='lat' dir='ltr'>Placentiam</span> <span class='ocrx_word' id='word_1_74' title='bbox 818 574 859 609; x_wconf 80' lang='lat' dir='ltr'>ad</span> <span class='ocrx_word' id='word_1_75' title='bbox 892 575 1004 609; x_wconf 88' lang='lat' dir='ltr'>hostes</span> <span class='ocrx_word' id='word_1_76' title='bbox 1029 574 1247 610; x_wconf 87' lang='lat' dir='ltr'>contendunt.</span> 
     </span>
     <span class='ocr_line' id='line_1_12' title="bbox 170 625 1248 670; baseline -0.003 -7"><span class='ocrx_word' id='word_1_77' title='bbox 170 633 189 663; x_wconf 85' lang='grc'>8</span> <span class='ocrx_word' id='word_1_78' title='bbox 202 625 373 661; x_wconf 82' lang='lat' dir='ltr'>Hannibal</span> <span class='ocrx_word' id='word_1_79' title='bbox 392 625 505 670; x_wconf 84' lang='lat' dir='ltr'>paucis</span> <span class='ocrx_word' id='word_1_80' title='bbox 532 628 607 670; x_wconf 88' lang='lat' dir='ltr'>post</span> <span class='ocrx_word' id='word_1_81' title='bbox 625 625 741 660; x_wconf 79' lang='lat' dir='ltr'>diebus</span> <span class='ocrx_word' id='word_1_82' title='bbox 764 638 822 660; x_wconf 79' lang='lat' dir='ltr'>sex</span> <span class='ocrx_word' id='word_1_83' title='bbox 839 626 940 660; x_wconf 81' lang='lat' dir='ltr'>millia</span> <span class='ocrx_word' id='word_1_84' title='bbox 956 639 976 660; x_wconf 89' lang='lat' dir='ltr'>a</span> <span class='ocrx_word' id='word_1_85' title='bbox 992 626 1162 661; x_wconf 78' lang='lat' dir='ltr'>Placentia</span> <span class='ocrx_word' id='word_1_86' title='bbox 1179 638 1248 661; x_wconf 87' lang='lat' dir='ltr'>cas-</span> 
     </span>
     <span class='ocr_line' id='line_1_13' title="bbox 201 676 1248 723; baseline 0.001 -12"><span class='ocrx_word' id='word_1_87' title='bbox 201 680 255 711; x_wconf 87' lang='lat' dir='ltr'>tra</span> <span class='ocrx_word' id='word_1_88' title='bbox 279 676 505 718; x_wconf 87' lang='lat' dir='ltr'>communivit,</span> <span class='ocrx_word' id='word_1_89' title='bbox 530 679 563 710; x_wconf 89' lang='lat' dir='ltr'>et</span> <span class='ocrx_word' id='word_1_90' title='bbox 589 679 722 722; x_wconf 87' lang='lat' dir='ltr'>postero</span> <span class='ocrx_word' id='word_1_91' title='bbox 750 677 802 711; x_wconf 90' lang='lat' dir='ltr'>die</span> <span class='ocrx_word' id='word_1_92' title='bbox 830 677 863 711; x_wconf 91' lang='lat' dir='ltr'>in</span> <span class='ocrx_word' id='word_1_93' title='bbox 893 680 1073 723; x_wconf 86' lang='lat' dir='ltr'>conspectu</span> <span class='ocrx_word' id='word_1_94' title='bbox 1101 677 1248 712; x_wconf 86' lang='lat' dir='ltr'>hostium</span> 
     </span>
     <span class='ocr_line' id='line_1_14' title="bbox 204 728 874 774; baseline 0 -11"><span class='ocrx_word' id='word_1_95' title='bbox 204 728 272 763; x_wconf 83' lang='lat' dir='ltr'>acie</span> <span class='ocrx_word' id='word_1_96' title='bbox 291 728 416 762; x_wconf 83' lang='lat' dir='ltr'>directa</span> <span class='ocrx_word' id='word_1_97' title='bbox 432 730 631 772; x_wconf 84' lang='lat' dir='ltr'>potestatem</span> <span class='ocrx_word' id='word_1_98' title='bbox 649 740 768 774; x_wconf 74' lang='lat' dir='ltr'>pugnae</span> <span class='ocrx_word' id='word_1_99' title='bbox 785 728 874 763; x_wconf 88' lang='lat' dir='ltr'>fecit.</span> 
     </span>
     <span class='ocr_line' id='line_1_15' title="bbox 110 777 1248 824; baseline -0.002 -8"><span class='ocrx_word' id='word_1_100' title='bbox 110 777 195 819; x_wconf 88' lang='lat'>(48)</span> <span class='ocrx_word' id='word_1_101' title='bbox 252 779 448 824; x_wconf 84' lang='lat' dir='ltr'>Insequenti</span> <span class='ocrx_word' id='word_1_102' title='bbox 465 781 562 813; x_wconf 89' lang='lat' dir='ltr'>nocte</span> <span class='ocrx_word' id='word_1_103' title='bbox 580 778 686 813; x_wconf 79' lang='lat' dir='ltr'>caedes</span> <span class='ocrx_word' id='word_1_104' title='bbox 711 780 744 814; x_wconf 88' lang='lat' dir='ltr'>in</span> <span class='ocrx_word' id='word_1_105' title='bbox 768 779 885 813; x_wconf 82' lang='lat' dir='ltr'>eastris</span> <span class='ocrx_word' id='word_1_106' title='bbox 911 779 1080 820; x_wconf 78' lang='lat' dir='ltr'>Romanis,</span> <span class='ocrx_word' id='word_1_107' title='bbox 1100 779 1248 814; x_wconf 86' lang='lat' dir='ltr'>tumultu</span> 
     </span>
     <span class='ocr_line' id='line_1_16' title="bbox 205 830 1246 876; baseline 0.001 -12"><span class='ocrx_word' id='word_1_108' title='bbox 205 832 318 864; x_wconf 86' lang='lat' dir='ltr'>tamen</span> <span class='ocrx_word' id='word_1_109' title='bbox 335 842 431 876; x_wconf 83' lang='lat' dir='ltr'>quam</span> <span class='ocrx_word' id='word_1_110' title='bbox 457 842 493 864; x_wconf 86' lang='lat' dir='ltr'>re</span> <span class='ocrx_word' id='word_1_111' title='bbox 516 830 629 875; x_wconf 79' lang='lat' dir='ltr'>major,</span> <span class='ocrx_word' id='word_1_112' title='bbox 649 830 689 865; x_wconf 87' lang='lat' dir='ltr'>ab</span> <span class='ocrx_word' id='word_1_113' title='bbox 712 830 927 865; x_wconf 80' lang='lat' dir='ltr'>auxiliaribus</span> <span class='ocrx_word' id='word_1_114' title='bbox 954 830 1055 865; x_wconf 82' lang='lat' dir='ltr'>Gallis</span> <span class='ocrx_word' id='word_1_115' title='bbox 1081 831 1168 864; x_wconf 81' lang='lat' dir='ltr'>facta</span> <span class='ocrx_word' id='word_1_116' title='bbox 1185 834 1246 865; x_wconf 88' lang='lat' dir='ltr'>est.</span> 
     </span>
     <span class='ocr_line' id='line_1_17' title="bbox 171 880 1298 927; baseline -0.001 -10"><span class='ocrx_word' id='word_1_117' title='bbox 171 881 257 918; x_wconf 79' lang='lat' dir='ltr'>2Ad</span> <span class='ocrx_word' id='word_1_118' title='bbox 275 881 340 916; x_wconf 89' lang='lat' dir='ltr'>duo</span> <span class='ocrx_word' id='word_1_119' title='bbox 365 881 466 915; x_wconf 88' lang='lat' dir='ltr'>millia</span> <span class='ocrx_word' id='word_1_120' title='bbox 492 880 639 926; x_wconf 85' lang='lat' dir='ltr'>peditum</span> <span class='ocrx_word' id='word_1_121' title='bbox 664 884 697 916; x_wconf 90' lang='lat' dir='ltr'>et</span> <span class='ocrx_word' id='word_1_122' title='bbox 721 881 855 916; x_wconf 85' lang='lat' dir='ltr'>ducenti</span> <span class='ocrx_word' id='word_1_123' title='bbox 877 882 1006 927; x_wconf 81' lang='lat' dir='ltr'>equites</span> <span class='ocrx_word' id='word_1_124' title='bbox 1031 881 1186 926; x_wconf 78' lang='lat' dir='ltr'>vigilibus</span> <span class='ocrx_word' id='word_1_125' title='bbox 1207 881 1249 916; x_wconf 87' lang='lat' dir='ltr'>ad</span> <span class='ocrx_word' id='word_1_126' title='bbox 1297 921 1298 924; x_wconf 11' lang='grc' dir='ltr'><strong>Ἴ</strong></span> 
     </span>
     <span class='ocr_line' id='line_1_18' title="bbox 203 932 1247 979; baseline 0 -12"><span class='ocrx_word' id='word_1_127' title='bbox 203 935 318 977; x_wconf 79' lang='lat' dir='ltr'>portas</span> <span class='ocrx_word' id='word_1_128' title='bbox 350 932 525 967; x_wconf 83' lang='lat' dir='ltr'>trucidatis</span> <span class='ocrx_word' id='word_1_129' title='bbox 559 932 600 967; x_wconf 85' lang='lat' dir='ltr'>ad</span> <span class='ocrx_word' id='word_1_130' title='bbox 636 933 858 967; x_wconf 81' lang='lat' dir='ltr'>Hannibalem</span> <span class='ocrx_word' id='word_1_131' title='bbox 892 933 1129 979; x_wconf 82' lang='lat' dir='ltr'>transfugiunt,</span> <span class='ocrx_word' id='word_1_132' title='bbox 1165 945 1247 979; x_wconf 91' lang='lat' dir='ltr'>quos</span> 
     </span>
     <span class='ocr_line' id='line_1_19' title="bbox 203 983 1248 1030; baseline 0 -12"><span class='ocrx_word' id='word_1_133' title='bbox 203 984 327 1019; x_wconf 84' lang='lat' dir='ltr'>Poenus</span> <span class='ocrx_word' id='word_1_134' title='bbox 344 983 485 1030; x_wconf 84' lang='lat' dir='ltr'>benigne</span> <span class='ocrx_word' id='word_1_135' title='bbox 503 983 705 1029; x_wconf 76' lang='lat' dir='ltr'>adloqnutus</span> <span class='ocrx_word' id='word_1_136' title='bbox 731 988 764 1018; x_wconf 90' lang='lat' dir='ltr'>et</span> <span class='ocrx_word' id='word_1_137' title='bbox 791 997 849 1030; x_wconf 87' lang='lat' dir='ltr'>spe</span> <span class='ocrx_word' id='word_1_138' title='bbox 875 984 1061 1030; x_wconf 75' lang='lat' dir='ltr'>ingentium</span> <span class='ocrx_word' id='word_1_139' title='bbox 1087 983 1248 1018; x_wconf 88' lang='lat' dir='ltr'>donorum</span> 
     </span>
     <span class='ocr_line' id='line_1_20' title="bbox 204 1035 1249 1081; baseline 0.001 -12"><span class='ocrx_word' id='word_1_140' title='bbox 204 1047 360 1070; x_wconf 81' lang='lat' dir='ltr'>accensos</span> <span class='ocrx_word' id='word_1_141' title='bbox 376 1035 411 1070; x_wconf 89' lang='lat' dir='ltr'>in</span> <span class='ocrx_word' id='word_1_142' title='bbox 427 1035 580 1070; x_wconf 85' lang='lat' dir='ltr'>civitates</span> <span class='ocrx_word' id='word_1_143' title='bbox 604 1047 767 1081; x_wconf 87' lang='lat' dir='ltr'>quemque</span> <span class='ocrx_word' id='word_1_144' title='bbox 791 1048 867 1070; x_wconf 83' lang='lat' dir='ltr'>suas</span> <span class='ocrx_word' id='word_1_145' title='bbox 886 1036 925 1070; x_wconf 82' lang='lat' dir='ltr'>ad</span> <span class='ocrx_word' id='word_1_146' title='bbox 950 1035 1173 1070; x_wconf 82' lang='lat' dir='ltr'>sollicitandos</span> <span class='ocrx_word' id='word_1_147' title='bbox 1191 1048 1249 1081; x_wconf 91' lang='lat' dir='ltr'>po-</span> 
     </span>
     <span class='ocr_line' id='line_1_21' title="bbox 172 1086 1248 1132; baseline -0.002 -10"><span class='ocrx_word' id='word_1_148' title='bbox 172 1086 367 1132; x_wconf 81' lang='lat' dir='ltr'>3pularium</span> <span class='ocrx_word' id='word_1_149' title='bbox 393 1087 519 1121; x_wconf 81' lang='lat' dir='ltr'>animos</span> <span class='ocrx_word' id='word_1_150' title='bbox 544 1086 680 1120; x_wconf 85' lang='lat' dir='ltr'>dimisit.</span> <span class='ocrx_word' id='word_1_151' title='bbox 733 1087 842 1132; x_wconf 82' lang='lat' dir='ltr'>Scipio</span> <span class='ocrx_word' id='word_1_152' title='bbox 867 1086 990 1121; x_wconf 72' lang='lat' dir='ltr'>caedcm</span> <span class='ocrx_word' id='word_1_153' title='bbox 1016 1099 1087 1121; x_wconf 77' lang='lat' dir='ltr'>eam</span> <span class='ocrx_word' id='word_1_154' title='bbox 1117 1087 1248 1132; x_wconf 86' lang='lat' dir='ltr'>signum</span> 
     </span>
     <span class='ocr_line' id='line_1_22' title="bbox 204 1137 1248 1183; baseline -0.001 -10"><span class='ocrx_word' id='word_1_155' title='bbox 204 1138 398 1173; x_wconf 85' lang='lat' dir='ltr'>defectionis</span> <span class='ocrx_word' id='word_1_156' title='bbox 423 1138 571 1172; x_wconf 89' lang='lat' dir='ltr'>omnium</span> <span class='ocrx_word' id='word_1_157' title='bbox 597 1137 765 1172; x_wconf 76' lang='lat' dir='ltr'>Gallorum</span> <span class='ocrx_word' id='word_1_158' title='bbox 791 1150 863 1172; x_wconf 87' lang='lat' dir='ltr'>esse</span> <span class='ocrx_word' id='word_1_159' title='bbox 888 1141 982 1172; x_wconf 78' lang='lat' dir='ltr'>ratus</span> <span class='ocrx_word' id='word_1_160' title='bbox 1011 1141 1248 1183; x_wconf 81' lang='lat' dir='ltr'>contactosque</span> 
     </span>
     <span class='ocr_line' id='line_1_23' title="bbox 204 1188 1249 1234; baseline -0.001 -10"><span class='ocrx_word' id='word_1_161' title='bbox 204 1201 243 1224; x_wconf 87' lang='lat' dir='ltr'>eo</span> <span class='ocrx_word' id='word_1_162' title='bbox 268 1189 391 1224; x_wconf 84' lang='lat' dir='ltr'>scelere</span> <span class='ocrx_word' id='word_1_163' title='bbox 415 1189 507 1223; x_wconf 91' lang='lat' dir='ltr'>velut</span> <span class='ocrx_word' id='word_1_164' title='bbox 532 1189 654 1234; x_wconf 79' lang='lat' dir='ltr'>injecta</span> <span class='ocrx_word' id='word_1_165' title='bbox 682 1188 772 1224; x_wconf 85' lang='lat' dir='ltr'>rabie</span> <span class='ocrx_word' id='word_1_166' title='bbox 805 1189 845 1223; x_wconf 89' lang='lat' dir='ltr'>ad</span> <span class='ocrx_word' id='word_1_167' title='bbox 871 1201 963 1223; x_wconf 76' lang='lat' dir='ltr'>arma</span> <span class='ocrx_word' id='word_1_168' title='bbox 995 1189 1111 1230; x_wconf 89' lang='lat' dir='ltr'>ituros,</span> <span class='ocrx_word' id='word_1_169' title='bbox 1139 1201 1249 1234; x_wconf 82' lang='lat' dir='ltr'>quam-</span> 
     </span>
     <span class='ocr_line' id='line_1_24' title="bbox 204 1239 1249 1286; baseline 0 -12"><span class='ocrx_word' id='word_1_170' title='bbox 204 1253 303 1285; x_wconf 81' lang='lat' dir='ltr'>quam</span> <span class='ocrx_word' id='word_1_171' title='bbox 328 1240 438 1286; x_wconf 82' lang='lat' dir='ltr'>gravis</span> <span class='ocrx_word' id='word_1_172' title='bbox 464 1239 571 1275; x_wconf 81' lang='lat' dir='ltr'>adhuc</span> <span class='ocrx_word' id='word_1_173' title='bbox 594 1240 730 1274; x_wconf 86' lang='lat' dir='ltr'>vulnere</span> <span class='ocrx_word' id='word_1_174' title='bbox 753 1244 835 1282; x_wconf 86' lang='lat' dir='ltr'>erat,</span> <span class='ocrx_word' id='word_1_175' title='bbox 861 1244 973 1274; x_wconf 78' lang='lat' dir='ltr'>tamen</span> <span class='ocrx_word' id='word_1_176' title='bbox 997 1244 1117 1286; x_wconf 79' lang='lat' dir='ltr'>quarta</span> <span class='ocrx_word' id='word_1_177' title='bbox 1139 1240 1249 1286; x_wconf 80' lang='lat' dir='ltr'>vigilia</span> 
     </span>
     <span class='ocr_line' id='line_1_25' title="bbox 203 1291 1249 1337; baseline -0.001 -11"><span class='ocrx_word' id='word_1_178' title='bbox 203 1291 311 1326; x_wconf 87' lang='lat' dir='ltr'>noctis</span> <span class='ocrx_word' id='word_1_179' title='bbox 328 1291 534 1337; x_wconf 83' lang='lat' dir='ltr'>insequentis</span> <span class='ocrx_word' id='word_1_180' title='bbox 559 1291 663 1325; x_wconf 83' lang='lat' dir='ltr'>tacito</span> <span class='ocrx_word' id='word_1_181' title='bbox 689 1291 820 1334; x_wconf 65' lang='lat' dir='ltr'>agmine</span> <span class='ocrx_word' id='word_1_182' title='bbox 846 1291 1015 1336; x_wconf 81' lang='lat' dir='ltr'>profectus</span> <span class='ocrx_word' id='word_1_183' title='bbox 1039 1291 1080 1325; x_wconf 90' lang='lat' dir='ltr'>ad</span> <span class='ocrx_word' id='word_1_184' title='bbox 1097 1291 1249 1326; x_wconf 84' lang='lat' dir='ltr'>Trebiam</span> 
     </span>
     <span class='ocr_line' id='line_1_26' title="bbox 203 1342 1248 1388; baseline -0.001 -11"><span class='ocrx_word' id='word_1_185' title='bbox 203 1343 341 1377; x_wconf 84' lang='lat' dir='ltr'>fiuvium</span> <span class='ocrx_word' id='word_1_186' title='bbox 355 1345 424 1387; x_wconf 83' lang='lat' dir='ltr'>jam</span> <span class='ocrx_word' id='word_1_187' title='bbox 442 1343 476 1377; x_wconf 84' lang='lat' dir='ltr'>in</span> <span class='ocrx_word' id='word_1_188' title='bbox 493 1342 564 1377; x_wconf 82' lang='lat' dir='ltr'>loca</span> <span class='ocrx_word' id='word_1_189' title='bbox 581 1342 699 1376; x_wconf 82' lang='lat' dir='ltr'>altiora</span> <span class='ocrx_word' id='word_1_190' title='bbox 716 1342 881 1388; x_wconf 88' lang='lat' dir='ltr'>collesque</span> <span class='ocrx_word' id='word_1_191' title='bbox 899 1342 1126 1387; x_wconf 74' lang='lat' dir='ltr'>impeditiores</span> <span class='ocrx_word' id='word_1_192' title='bbox 1145 1342 1248 1387; x_wconf 88' lang='lat' dir='ltr'>equiti</span> 
     </span>
     <span class='ocr_line' id='line_1_27' title="bbox 171 1393 1250 1439; baseline -0.002 -10"><span class='ocrx_word' id='word_1_193' title='bbox 171 1397 314 1431; x_wconf 77' lang='lat' dir='ltr'>4castra</span> <span class='ocrx_word' id='word_1_194' title='bbox 337 1397 459 1428; x_wconf 87' lang='lat' dir='ltr'>movet.</span> <span class='ocrx_word' id='word_1_195' title='bbox 509 1394 625 1428; x_wconf 86' lang='lat' dir='ltr'>Minus</span> <span class='ocrx_word' id='word_1_196' title='bbox 651 1406 747 1439; x_wconf 85' lang='lat' dir='ltr'>quam</span> <span class='ocrx_word' id='word_1_197' title='bbox 775 1393 815 1428; x_wconf 89' lang='lat' dir='ltr'>ad</span> <span class='ocrx_word' id='word_1_198' title='bbox 840 1394 992 1428; x_wconf 82' lang='lat' dir='ltr'>Ticinum</span> <span class='ocrx_word' id='word_1_199' title='bbox 1017 1394 1145 1435; x_wconf 78' lang='lat' dir='ltr'>fefellit,</span> <span class='ocrx_word' id='word_1_200' title='bbox 1172 1393 1250 1428; x_wconf 85' lang='lat' dir='ltr'>mis-</span> 
     </span>
     <span class='ocr_line' id='line_1_28' title="bbox 204 1444 1247 1490; baseline -0.002 -10"><span class='ocrx_word' id='word_1_201' title='bbox 204 1445 315 1490; x_wconf 83' lang='lat' dir='ltr'>sisque</span> <span class='ocrx_word' id='word_1_202' title='bbox 334 1444 502 1479; x_wconf 81' lang='lat' dir='ltr'>Hannibal</span> <span class='ocrx_word' id='word_1_203' title='bbox 518 1445 660 1490; x_wconf 85' lang='lat' dir='ltr'>primum</span> <span class='ocrx_word' id='word_1_204' title='bbox 680 1444 835 1479; x_wconf 80' lang='lat' dir='ltr'>Numidis</span> <span class='ocrx_word' id='word_1_205' title='bbox 856 1444 974 1479; x_wconf 85' lang='lat' dir='ltr'>deinde</span> <span class='ocrx_word' id='word_1_206' title='bbox 991 1445 1079 1479; x_wconf 86' lang='lat' dir='ltr'>omni</span> <span class='ocrx_word' id='word_1_207' title='bbox 1097 1444 1247 1490; x_wconf 88' lang='lat' dir='ltr'>equitatu</span> 
     </span>
     <span class='ocr_line' id='line_1_29' title="bbox 204 1495 1249 1541; baseline 0 -11"><span class='ocrx_word' id='word_1_208' title='bbox 204 1495 373 1531; x_wconf 82' lang='lat' dir='ltr'>turbasset</span> <span class='ocrx_word' id='word_1_209' title='bbox 391 1496 507 1541; x_wconf 88' lang='lat' dir='ltr'>utiquc</span> <span class='ocrx_word' id='word_1_210' title='bbox 524 1496 739 1530; x_wconf 87' lang='lat' dir='ltr'>novissimum</span> <span class='ocrx_word' id='word_1_211' title='bbox 760 1508 887 1541; x_wconf 79' lang='lat' dir='ltr'>agmen,</span> <span class='ocrx_word' id='word_1_212' title='bbox 905 1496 939 1530; x_wconf 92' lang='lat' dir='ltr'>ni</span> <span class='ocrx_word' id='word_1_213' title='bbox 956 1495 1114 1530; x_wconf 80' lang='lat' dir='ltr'>aviditate</span> <span class='ocrx_word' id='word_1_214' title='bbox 1132 1495 1249 1541; x_wconf 71' lang='lat' dir='ltr'>praedae</span> 
     </span>
     <span class='ocr_line' id='line_1_30' title="bbox 171 1546 1248 1584; baseline -0.003 -1"><span class='ocrx_word' id='word_1_215' title='bbox 171 1547 239 1584; x_wconf 84' lang='lat' dir='ltr'>5in</span> <span class='ocrx_word' id='word_1_216' title='bbox 270 1559 374 1581; x_wconf 85' lang='lat' dir='ltr'>vacua</span> <span class='ocrx_word' id='word_1_217' title='bbox 402 1547 555 1581; x_wconf 79' lang='lat' dir='ltr'>Romana</span> <span class='ocrx_word' id='word_1_218' title='bbox 586 1550 696 1581; x_wconf 81' lang='lat' dir='ltr'>castra</span> <span class='ocrx_word' id='word_1_219' title='bbox 729 1546 884 1581; x_wconf 73' lang='lat' dir='ltr'>Numidae</span> <span class='ocrx_word' id='word_1_220' title='bbox 917 1546 1147 1582; x_wconf 87' lang='lat' dir='ltr'>devertissent.</span> <span class='ocrx_word' id='word_1_221' title='bbox 1197 1546 1248 1581; x_wconf 87' lang='lat' dir='ltr'>Ibi</span> 
     </span>
     <span class='ocr_line' id='line_1_31' title="bbox 204 1598 1249 1643; baseline -0.001 -10"><span class='ocrx_word' id='word_1_222' title='bbox 204 1598 283 1633; x_wconf 85' lang='lat' dir='ltr'>dum</span> <span class='ocrx_word' id='word_1_223' title='bbox 313 1602 560 1643; x_wconf 83' lang='lat' dir='ltr'>perscrutantes</span> <span class='ocrx_word' id='word_1_224' title='bbox 589 1598 660 1633; x_wconf 88' lang='lat' dir='ltr'>loca</span> <span class='ocrx_word' id='word_1_225' title='bbox 692 1599 802 1634; x_wconf 86' lang='lat' dir='ltr'>omnia</span> <span class='ocrx_word' id='word_1_226' title='bbox 833 1601 1017 1633; x_wconf 81' lang='lat' dir='ltr'>castrorum</span> <span class='ocrx_word' id='word_1_227' title='bbox 1046 1598 1136 1633; x_wconf 91' lang='lat' dir='ltr'>nullo</span> <span class='ocrx_word' id='word_1_228' title='bbox 1169 1598 1249 1632; x_wconf 75' lang='lat' dir='ltr'>satis</span> 
     </span>
     <span class='ocr_line' id='line_1_32' title="bbox 205 1648 1249 1695; baseline -0.001 -11"><span class='ocrx_word' id='word_1_229' title='bbox 205 1649 306 1695; x_wconf 83' lang='lat' dir='ltr'>digno</span> <span class='ocrx_word' id='word_1_230' title='bbox 323 1661 425 1684; x_wconf 79' lang='lat' dir='ltr'>morae</span> <span class='ocrx_word' id='word_1_231' title='bbox 440 1649 546 1695; x_wconf 87' lang='lat' dir='ltr'>pretio</span> <span class='ocrx_word' id='word_1_232' title='bbox 563 1652 696 1695; x_wconf 86' lang='lat' dir='ltr'>tempus</span> <span class='ocrx_word' id='word_1_233' title='bbox 713 1652 838 1692; x_wconf 71' lang='lat' dir='ltr'>terunt,</span> <span class='ocrx_word' id='word_1_234' title='bbox 857 1650 997 1684; x_wconf 82' lang='lat' dir='ltr'>emissus</span> <span class='ocrx_word' id='word_1_235' title='bbox 1017 1649 1123 1684; x_wconf 90' lang='lat' dir='ltr'>hostis</span> <span class='ocrx_word' id='word_1_236' title='bbox 1141 1652 1192 1683; x_wconf 87' lang='lat' dir='ltr'>est</span> <span class='ocrx_word' id='word_1_237' title='bbox 1210 1648 1249 1683; x_wconf 91' lang='lat' dir='ltr'>de</span> 
     </span>
     <span class='ocr_line' id='line_1_33' title="bbox 204 1700 1248 1746; baseline -0.001 -11"><span class='ocrx_word' id='word_1_238' title='bbox 204 1700 368 1743; x_wconf 80' lang='lat' dir='ltr'>manibus,</span> <span class='ocrx_word' id='word_1_239' title='bbox 385 1708 418 1735; x_wconf 88' lang='lat' dir='ltr'>et</span> <span class='ocrx_word' id='word_1_240' title='bbox 442 1713 543 1746; x_wconf 88' lang='lat' dir='ltr'>quum</span> <span class='ocrx_word' id='word_1_241' title='bbox 560 1701 628 1746; x_wconf 89' lang='lat' dir='ltr'>jam</span> <span class='ocrx_word' id='word_1_242' title='bbox 652 1703 879 1746; x_wconf 79' lang='lat' dir='ltr'>transgressos</span> <span class='ocrx_word' id='word_1_243' title='bbox 901 1700 1054 1735; x_wconf 83' lang='lat' dir='ltr'>Trebiam</span> <span class='ocrx_word' id='word_1_244' title='bbox 1080 1701 1248 1735; x_wconf 81' lang='lat' dir='ltr'>Romanos</span> 
     </span>
     <span class='ocr_line' id='line_1_34' title="bbox 205 1752 1245 1798; baseline -0.001 -11"><span class='ocrx_word' id='word_1_245' title='bbox 205 1754 435 1798; x_wconf 87' lang='lat' dir='ltr'>metantesque</span> <span class='ocrx_word' id='word_1_246' title='bbox 463 1755 574 1788; x_wconf 85' lang='lat' dir='ltr'>castra</span> <span class='ocrx_word' id='word_1_247' title='bbox 605 1752 865 1798; x_wconf 85' lang='lat' dir='ltr'>conspexissent,</span> <span class='ocrx_word' id='word_1_248' title='bbox 894 1764 1017 1798; x_wconf 80' lang='lat' dir='ltr'>paucos</span> <span class='ocrx_word' id='word_1_249' title='bbox 1046 1755 1245 1787; x_wconf 80' lang='lat' dir='ltr'>moratorum</span> 
     </span>
    </p>
   </div>
  </div>
 </body>
</html>
