1298 1921
180 53 237 83 198
379 51 416 82 T.
442 51 531 81 LIV.
557 51 674 81 HIST.
699 51 788 82 LIB.
813 51 951 83 XXIII.
973 54 1022 84 49.
1163 95 1176 111 o
1199 96 1210 108 Γ

175 138 211 161 se
227 128 433 172 pugnantem
450 125 638 160 Romanum
655 126 840 161 exereitum
860 127 1032 168 vidissent,
1051 95 1220 162 ddccistiiz

175 177 317 211 maxima
330 176 564 223 oppugnanda,
576 176 695 222 quibus
711 177 900 212 Hasdrubal
912 182 1060 223 praeerat,
1073 179 1199 214 ducunt
1210 195 1216 214 :

173 229 290 263 eodem
308 232 342 263 et
360 228 426 262 duo
444 227 544 262 duces
562 233 595 262 et
613 227 678 262 dno
699 230 864 263 exercitus
883 229 1219 275 Carthaginiensimn,

172 279 220 314 ibi
251 291 320 314 rem
353 291 513 314 summam
540 279 594 324 agi
618 282 802 323 cernentes,
827 284 1073 315 convenerunt:
1106 281 1220 327 itaque

145 331 347 376 7eruptione
372 342 390 364 e
407 330 525 365 castris
550 334 736 375 pugnatum
757 333 818 365 est.
869 331 1049 377 Sexaginta
1072 332 1220 367 hostium

174 382 276 416 millia
292 393 331 416 eo
349 381 401 416 die
418 381 453 415 in
469 393 582 426 pugna
603 381 750 422 fuerunt,
769 381 910 417 sedecim
929 383 1016 417 eirca
1037 383 1218 418 Romanis:

175 437 286 468 tamen
302 435 384 468 adeo
409 432 497 466 haud
514 431 614 467 dubia
635 432 773 467 victoria
790 433 864 475 fuit,
881 437 919 468 ut
938 434 1048 479 plures
1070 446 1218 475 numero,

176 497 273 530 quam
303 483 365 529 ipsi
389 485 493 524 erant,
516 483 659 517 Romani
683 483 828 518 hostium
858 485 1048 528 occiderint,
1072 486 1221 531 ceperint

176 535 316 581 amplius
330 534 394 569 tria
406 534 507 568 millia
520 534 699 576 hominum,
713 535 810 580 paulo
823 535 933 570 minus
947 535 1035 570 mille
1049 548 1219 582 equorum,

176 586 440 631 undesexaginta
464 585 619 620 militaria
638 585 742 631 signa,
762 589 890 631 septem
912 586 1105 632 elephantos
1128 587 1223 633 quin-

177 650 241 684 que
273 637 308 672 in
336 636 451 682 proelio
480 636 619 671 occisis:
645 636 809 682 trinisque
837 650 876 672 eo
905 637 957 672 die
982 638 1099 673 castris
1124 638 1224 684 potiti

148 695 166 725 8
178 691 266 723 sunt.
315 688 452 733 Iliturgi
468 687 638 722 obsidione
655 687 793 722 liberato
810 688 851 723 ad
877 688 1005 723 Intibili
1028 701 1224 734 oppugnan-

178 740 256 774 dum
273 739 394 774 Punici
416 738 583 773 exercitus
607 737 754 773 traducti
774 739 936 785 suppletis
959 740 1061 785 copiis
1084 752 1125 775 ex
1149 752 1225 784 pro-

176 790 294 833 vincia,
311 793 349 824 ut
367 802 440 835 quae
458 789 598 823 maxime
616 789 760 823 omnium
779 789 856 824 belli
874 790 978 832 avida,
997 790 1096 825 modo
1114 790 1225 835 pracda

149 847 167 878 9
178 844 236 876 ant
253 852 378 876 meroes
396 845 495 881 esset,
514 843 548 874 et
565 842 636 873 tum
646 841 827 884 juventute
845 840 1044 876 abundante.
1094 841 1224 876 Iterum

178 893 282 938 signis
296 891 424 927 collatis
438 890 551 926 eadem
564 890 701 925 fortuna
714 893 889 937 utriusque
903 892 1007 937 partis
1020 896 1223 938 pugnatum:

178 956 280 990 supra
304 942 464 978 tredecim
490 941 593 976 millia
618 941 765 976 hostium
790 955 882 985 oaesa,
910 955 1010 989 snpra
1038 943 1103 978 duo
1128 946 1226 988 capta

180 1009 255 1031 oum
273 995 376 1041 signis
398 993 528 1029 duobus
546 996 580 1028 et
601 993 821 1040 quadraginta
838 998 871 1030 et·
889 1007 1008 1030 novem
1029 995 1224 1040 elephantis.

130 1057 168 1087 10
178 1048 265 1082 Tum
288 1058 367 1082 vero
392 1057 505 1081 omnes
530 1056 634 1090 prope
657 1045 830 1090 Hispaniae
849 1046 964 1092 populi
988 1046 1029 1081 ad
1056 1047 1225 1081 Romanos

180 1098 384 1141 defecerunt,
411 1096 583 1142 multoque
610 1098 752 1141 majores
781 1110 820 1133 ea
851 1101 967 1133 aestate
999 1097 1034 1132 in
1061 1097 1228 1143 Hispania

181 1162 280 1197 quam
296 1150 332 1185 in
347 1148 447 1185 Italia
462 1161 515 1184 res
532 1149 646 1194 gestae.
