1298 1921
361 31 450 65 LIB.
474 32 612 63 XXIII.
639 33 687 69 16,
708 31 758 65 17.
1028 33 1090 67 157

0 93 3 102 .
37 73 193 106 A.c.216.]

0 103 3 118 ¹
34 107 260 142 Romanorum
278 106 430 142 amissis:
457 107 515 143 sed
533 107 603 143 sive
619 108 716 142 tanta
736 106 806 142 sive
822 106 931 143 minor
947 106 1089 144 victoria

0 156 2 198 ζ
32 157 107 201 fuit,
128 159 245 205 ingens
266 171 305 194 eo
328 158 383 194 dic
406 170 459 194 res
483 171 522 194 ac
546 158 662 194 nescio
685 170 729 192 an
752 158 899 193 maxima
919 158 975 194 illo
999 159 1087 195 bello

31 212 129 256 gesta
157 210 220 245 sit:
247 222 314 244 non
342 209 432 245 vinci
460 210 549 245 enim
577 209 619 245 ab
647 209 841 245 Hannibale
869 210 1085 246 vincentibus

31 259 194 296 difficilius
212 261 276 296 fuit
293 273 393 307 quam
412 264 488 306 post
506 273 545 296 ea
562 261 704 296 vincere.

76 311 246 347 Hannibal
263 324 322 357 spe
340 311 513 357 potiundae
530 312 627 347 Nolae
645 312 802 357 adempta
818 325 922 358 quum
940 313 1084 348 Acerras
1096 314 1175 358 (17)

29 363 231 405 recessisset,
253 363 434 398 Marcellus
463 363 633 409 extemplo
660 363 782 399 clausis
806 364 913 410 portis
938 365 1085 400 custodi-

29 413 157 460 busque
176 414 357 460 dispositis,
381 427 423 450 ne
450 415 524 461 quis
552 414 779 461 egrederetur,
806 416 1024 461 quaestionem
1049 417 1081 451 in

28 464 99 500 foro
110 465 151 500 de
167 465 207 500 iis
222 466 278 512 qui
295 466 379 501 clam
395 467 431 501 in
445 466 619 512 colloquiis
633 466 781 501 hostium
795 466 930 502 fuerant
943 467 1081 503 habuit:

28 529 128 563 supra
144 518 359 564 septuaginta
376 518 552 553 damnatos
570 519 767 563 proditionis
786 520 896 554 securi
913 521 1082 565 percussit

27 567 178 614 bonaque
203 581 318 604 eorum
330 570 434 615 jussit
462 569 595 615 publiea
617 569 734 615 populi
754 570 899 606 Romani
924 583 1019 606 esse:
1046 574 1081 607 et

27 631 156 655 summa
179 633 291 655 rerum
311 621 444 656 senatui
467 621 593 656 tradita
613 633 690 656 cum
715 621 869 656 exercitu
892 622 982 657 omni
1005 635 1081 668 pro-

25 670 133 706 fectus
151 684 253 718 supra
266 672 458 707 Suessulam
472 673 592 707 castris
607 672 727 718 positis
742 672 904 708 consedit.
954 674 1079 709 Poenus
1094 679 1113 708 2

0 723 167 777 stAeerras
199 723 346 768 primum
372 723 414 758 ad
442 724 666 759 voluntariam
701 723 905 759 deditionem
938 728 1080 761 conatus

0 806 7 828 3
24 773 193 819 perlicere,
207 778 383 820 postquam
400 775 590 810 obstinatos
603 775 680 810 inde
698 775 799 818 videt,
812 775 964 811 obsidere
978 780 1080 822 atque

24 836 217 872 oppugnare
230 829 336 872 parat.
387 826 557 862 Caeterum
575 827 754 862 Acerranis
769 826 843 872 plus
861 827 962 862 animi
979 840 1076 874 quam
1093 832 1112 861 3

23 876 142 911 virium
167 880 261 912 erat:
295 877 408 924 itaque
434 878 612 925 desperata
631 878 740 913 tutela
760 878 852 914 urbis
877 882 916 913 ut
940 879 1080 914 circum-

0 927 138 982 tvallari
159 928 281 964 moem‘a
302 929 469 973 viderunt,
486 930 682 976 priusquam
704 930 983 965 continuarentur
1004 931 1080 966 hos-

24 979 108 1015 tium
140 992 252 1026 opera,
284 993 344 1027 per
376 982 568 1017 intermissa
601 981 809 1017 munimenta
840 983 1079 1030 neglectasque

25 1032 191 1068 custodias
212 1033 345 1068 silentio
369 1034 478 1069 noetis
502 1034 622 1080 dilapsi
646 1047 707 1079 per
729 1034 799 1069 vias
823 1034 987 1081 inviaque,
1013 1048 1079 1081 qua

0 1095 187 1137 ¹⁴quemque
211 1087 270 1119 aut
291 1085 466 1120 consilium
487 1089 546 1120 aut
566 1098 661 1121 error
685 1085 775 1127 tulit,
800 1085 836 1121 in
860 1086 960 1122 urbes
982 1087 1077 1122 Cam-

44 1135 136 1177 aniae,
156 1148 238 1182 quas
261 1136 343 1172 satis
366 1140 496 1173 certum
521 1140 594 1173 erat
612 1149 680 1172 non
700 1138 853 1173 mutasse
870 1137 979 1180 fidem,
1004 1151 1078 1185 per-

25 1185 192 1232 fugerunt.

65 1237 237 1274 Hannibal
265 1239 401 1275 Acerris
431 1239 573 1285 direptis
606 1241 709 1285 atque
742 1239 898 1284 incensis,
928 1254 1031 1287 quum
1058 1246 1111 1277 a4

27 1287 142 1325 3381110
180 1289 381 1326 dictatorem
416 1291 607 1327 Romanum
642 1291 858 1337 legionesque
892 1292 1075 1328 Casilinum

0 1372 9 1385 ,,
27 1340 119 1376 100111
148 1341 375 1386 nuntiassent,
408 1355 450 1378 ne
484 1343 558 1389 quis
595 1346 667 1378 tam
699 1343 895 1389 propinquis
928 1343 1076 1379 hostium

27 1392 136 1427 iastris
166 1392 290 1438 Capuae
315 1405 449 1439 quoqne
475 1396 628 1429 oreretur
659 1401 784 1436 motus,
812 1395 1000 1430 exercitum
1032 1396 1076 1431 ad

28 1442 201 1478 Dasilinum
220 1444 323 1480 ducit.
366 1445 550 1480 Casilinum
569 1458 608 1481 eo
622 1451 774 1491 tempore
792 1446 967 1492 quingenti
984 1447 1074 1482 Prae-
1087 1452 1107 1482 5

0 1526 8 1548 fl
29 1495 140 1530 iestini
152 1495 320 1531 habebant
334 1508 410 1531 eum
424 1497 539 1542 paucis
551 1497 715 1532 Romanis
726 1497 908 1543 Latinique
919 1499 1072 1540 nominis,

0 1558 102 1599 Ιι[1108
130 1546 247 1582 eodem
277 1547 393 1583 audita
419 1548 605 1584 Cannensis
634 1548 745 1583 clades
774 1549 974 1584 contulerat.
1023 1550 1106 1586 Hie

29 1609 82 1632 1011
99 1598 252 1634 confecto
278 1599 452 1635 Praeneste
470 1599 511 1635 ad
534 1600 622 1635 diem
645 1600 773 1635 dilectu
797 1600 904 1636 serius
930 1601 1071 1647 profecti

30 1647 113 1684 [omo
127 1661 231 1694 quum
244 1650 429 1685 Casilinum
443 1654 521 1686 ante
536 1651 657 1686 famam
671 1651 819 1687 adversae
832 1664 954 1698 pugnae
966 1653 1072 1688 venis-

32 1703 99 1742 ent,
133 1703 169 1736 et
202 1701 275 1736 aliis
308 1702 571 1749 adgregantibus
604 1715 678 1738 sese
710 1703 872 1739 Romanis
906 1704 1072 1750 sociisque

31 1752 157 1788 ·r0feeti
189 1765 209 1789 3
241 1753 391 1789 Casilino
423 1766 500 1790 011111
533 1754 616 1790 83118
651 1767 774 1801 magno
807 1755 938 1801 agmine
971 1756 1070 1799 irent,
