1298 1921
172 53 234 83 228
429 51 465 81 T.
484 50 603 81 LIVII
630 50 967 81 HISTORIARUM
1058 91 1098 122 [A
1125 92 1146 117 c
1171 92 1218 117 214

175 126 347 171 Syracusae
371 137 431 170 per
456 125 599 171 speciem
619 125 840 160 reconciliatae
865 125 1034 160 societatis
1052 125 1086 159 in
1104 125 1229 160 ditione

174 177 404 212 Romanorum
428 177 505 220 sint,
524 177 601 212 dein
622 177 725 212 factio
749 189 786 212 ac
804 176 902 222 pauci
924 180 1077 212 auctores
1096 176 1230 211 foederis

176 229 328 264 renovati
346 228 571 263 dominentur.

83 284 168 326 (24)
238 280 304 315 His
337 280 509 315 audiendis
549 279 789 325 credendisque
822 282 1011 325 opportuna
1047 278 1230 314 multitudo

176 332 282 377 major
298 331 333 366 in
357 331 427 366 dies
455 332 635 377 Syracusas
659 331 858 372 confluebat,
877 343 938 366 nec
963 331 1103 377 Epicydi
1121 331 1231 365 solum

176 396 270 428 spem
294 383 521 418 novandarum
543 396 655 418 rerum
679 383 737 418 sed
761 382 1002 418 Andranodoro
1026 383 1125 417 etiam
1150 395 1231 428 pree-

177 434 296 470 bebat:
332 435 389 480 qui
422 435 531 470 fessus
564 435 700 470 tandem
733 435 847 469 uxoris
883 434 1034 474 vocibus,
1066 434 1232 468 monentis

175 498 265 521 nunc
298 486 380 520 illud
409 499 480 521 csse
512 489 645 533 tempus
674 486 858 531 occupandi
890 498 953 527 res,
984 485 1063 520 dum
1096 485 1232 520 turbata

176 538 287 572 onmia
303 550 389 572 nova
409 541 509 581 atque
526 538 697 573 incondita
720 538 875 573 libertate
893 540 1015 578 essent,
1035 536 1113 570 dum
1131 537 1231 581 regiis

175 589 352 634 stipendiis
371 592 487 632 pastus
505 589 740 624 obversaretur
762 589 867 632 miles,
886 588 965 623 dum
983 588 1024 623 ab
1042 588 1232 623 Hannibale

175 641 268 675 missi
299 641 400 675 duces
430 641 561 676 adsueti
589 641 750 676 militibus
775 643 895 685 juvare
922 643 1059 686 possent
1088 641 1231 684 incepta,

175 704 252 726 cum
276 692 458 735 Themisto,
477 693 530 727 cni
549 693 683 727 Gelonis
707 693 774 727 filia
790 696 896 737 nupta
920 696 1001 733 erat,
1022 703 1091 726 rem
1117 702 1233 725 conso—

176 743 296 778 ciatam
314 755 438 788 paucos
456 747 534 788 post
558 743 627 779 dies
648 744 796 778 Aristoni
820 743 950 779 cuidam
968 743 1095 788 tragico
1117 742 1230 783 actori,

177 795 232 830 cui
249 798 283 829 et
307 795 370 829 alia
393 807 513 830 arcana
534 796 743 830 committere
767 795 933 836 adsuerat,
959 794 1092 829 incante
1115 794 1231 839 aperit.

146 846 269 882 2Huic
294 849 327 881 ct
351 859 457 892 genus
484 850 518 881 et
543 847 679 882 fortuna
702 847 844 881 honesta
866 850 970 887 erant,
990 857 1050 880 nec
1073 857 1136 887 ars,
1157 846 1234 890 qnia

176 897 259 932 nihil
276 898 343 932 tale
369 898 457 944 apud
482 899 614 933 Graecos
637 897 757 943 pudori
780 901 840 940 est,
859 910 898 932 ea
918 896 1145 932 deformabat:
1172 897 1233 931 ita-

177 961 243 994 que
276 948 374 984 fidem
409 950 552 995 priorem
586 950 818 995 potioremque
850 952 945 983 ratus
979 961 1077 994 quam
1117 948 1234 993 patriae

147 1000 329 1042 3debebat‚
359 1000 518 1035 indicium
543 1001 584 1035 ad
617 1004 777 1046 praetores
804 1000 922 1035 defert.
973 1000 1042 1037 Qui
1074 999 1131 1034 ubi
1164 1011 1234 1033 rem

176 1051 266 1086 haud
282 1064 400 1086 vanam
426 1065 499 1087 esse
524 1052 624 1087 certis
648 1052 778 1086 indiciis
803 1053 1047 1096 compererunt,
1073 1050 1234 1084 consultis

177 1102 364 1138 senioribus
379 1105 412 1137 et
427 1103 629 1138 auctoritate
649 1115 763 1138 eornm
778 1103 931 1148 prmsidio
950 1102 990 1136 ad
1008 1102 1096 1136 fores
1114 1101 1233 1147 positO,

176 1154 345 1200 ingressos
369 1155 495 1189 curiam
522 1155 732 1189 Themistum
756 1159 857 1200 atque
882 1153 1160 1188 Andmnodorum
1186 1153 1236 1187 in-

146 1207 394 1242 «iterfecerunt.
444 1207 490 1242 Et
509 1220 612 1252 quum
629 1208 799 1242 tumultus
818 1207 858 1242 ab
875 1219 911 1241 re
928 1207 963 1241 in
980 1206 1123 1252 speciem
1147 1208 1235 1239 atro-

177 1258 276 1300 ciore,
308 1270 442 1293 causam
472 1258 546 1292 aliis
577 1258 820 1304 ignorantibus,
848 1261 943 1293 ortus
972 1261 1071 1299 esset,
1103 1256 1236 1291 silentio

177 1309 313 1344 tandem
346 1310 436 1344 facto
469 1309 610 1344 indicem
637 1310 671 1344 in
704 1310 828 1344 curiam
861 1309 1144 1344 introduxerunt:
1180 1307 1236 1353 qui

180 1374 281 1407 quum
308 1361 424 1396 ordine
444 1361 555 1395 omnia
578 1361 777 1404 edocuisset,
802 1364 836 1395 et
858 1361 1059 1406 principium
1083 1361 1236 1404 conjura-

179 1413 282 1447 tionis
300 1413 426 1447 factum
446 1412 486 1447 ab
505 1413 699 1447 Harmoniae
718 1412 851 1447 Gelonis
866 1412 940 1446 filiae
957 1412 1095 1457 nuptiis,
1116 1410 1236 1457 quibus

178 1464 352 1506 Themisto
373 1466 495 1509 juncta
519 1467 619 1508 esset,
644 1463 804 1498 Afrorum
834 1464 1131 1508 Hispanorumque
1157 1474 1237 1496 aux-

178 1516 288 1552 iliares
318 1517 503 1551 instructos
537 1515 578 1550 ad
611 1515 735 1551 caedem
767 1520 949 1560 praetorum
983 1514 1237 1560 principumque

179 1568 329 1609 aliorum,
357 1568 509 1615 bonaque
535 1580 651 1602 eornm
676 1566 796 1612 praedae
823 1567 938 1601 futura
963 1565 1237 1601 interfectoribus

178 1620 446 1666 pronuntiatum,
467 1622 537 1665 jam
568 1619 872 1654 mercennariorum
896 1630 1030 1652 manum
1065 1616 1237 1651 adsuetam

179 1671 327 1717 imperiis
345 1670 579 1706 Andranodori
598 1674 747 1716 paratam
765 1670 869 1704 fuisse
893 1669 935 1704 ad
952 1668 1101 1704 Insulam
1122 1679 1238 1702 rursus

179 1722 417 1767 occupandam,
453 1722 584 1768 singula
601 1721 730 1765 deinde,
750 1733 823 1767 quae
848 1733 907 1766 per
930 1732 1080 1767 quosque
1103 1731 1237 1765 ageren-

178 1776 246 1817 tur,
265 1777 438 1820 totamque
457 1774 534 1808 viris
560 1774 726 1819 armisque
744 1773 946 1808 instructam
972 1771 1236 1817 conjurationem
