1298 1921
153 25 212 54 106
413 24 451 54 Τ.
475 24 595 58 LIVII
622 25 958 56 HISTORIARUM
1139 68 1152 79 o
1181 69 1186 75 ³

57 96 139 139 (35)
196 98 311 136 Quum
343 98 395 133 his
427 98 632 134 orationibus
665 111 803 134 aceensa
833 100 926 144 plebs
963 67 1075 141 essei,A
1080 68 1196 136 11111115

148 150 296 195 patriciis
334 150 526 196 petentibus
560 150 598 185 P.
623 150 776 185 Cornelio
809 151 971 186 Merenda
1006 152 1045 186 L.
1070 152 1196 186 Manlio

148 201 298 237 Vulsone
321 202 370 236 M.
389 201 524 236 AEmilio
549 201 687 246 Lepido,
713 202 841 237 duobus
867 203 1033 238 nobilibus
1056 203 1124 248 jam
1150 204 1197 237 fa-

147 253 311 288 miliarum
344 252 451 298 plebei
481 253 517 287 C.
535 253 639 287 Atilio
673 254 813 287 Serrano
842 256 876 288 et
906 254 947 292 Q.
967 254 1058 288 AElio
1091 255 1194 296 Paeto,

148 316 290 350 quorum
317 304 401 338 alter
429 304 579 349 pontifex
608 304 691 338 ulter
719 317 825 349 augur
854 309 934 347 erat,
962 306 1001 340 C.
1021 305 1197 340 Terentius

148 356 266 390 consul
295 368 381 390 unus
411 359 542 390 creatur
569 361 606 390 ut
633 355 667 389 in
693 368 791 389 manu
820 358 892 399 ejus
921 362 1035 392 essent
1065 357 1199 392 comitia

117 406 296 453 2rogando
313 406 456 452 collegae.
506 406 591 440 Tum
614 409 753 451 experta
775 406 930 442 nobilitas
954 421 1071 453 parum
1095 409 1198 444 fuisse

149 459 269 493 virium
302 458 337 492 111
368 457 641 503 competitoribus
674 459 746 502 ejus
779 458 818 492 L.
838 459 1012 494 AEmiliuin
1046 460 1197 503 Paulum,

150 510 207 555 qui
224 522 299 544 cum
324 509 373 544 M.
391 509 488 544 Livio
511 509 626 543 consul
651 509 760 543 fuerat
783 513 816 544 et
834 509 1046 545 damnatione
1064 511 1197 557 eollegae

150 564 184 596 et
217 573 278 595 sua
302 572 403 606 prope
428 560 603 595 ambustus
628 564 787 603 evaserat,
812 562 970 596 infestum
998 562 1115 606 plebei,
1141 562 1199 597 diu

150 624 188 647 ac
220 611 365 646 multum
398 616 607 646 recusantem
640 612 681 646 ad
716 613 908 657 petitionem
942 613 1131 658 compellit:
1170 614 1198 648 is

149 663 300 708 proximo
322 663 480 698 comitiali
502 663 554 698 die
577 663 834 699 concedentibus
857 665 1022 706 omnibus,
1042 665 1098 710 qui
1123 677 1198 700 611111

151 713 301 749 Varrone
323 717 542 755 certaverant,
563 727 623 759 par
645 715 750 760 magis
773 715 807 750 in
831 715 1075 751 adversandum
1100 729 1199 761 quam

119 766 276 811 3eollega
301 765 400 800 datur
428 766 566 801 consuli.
619 766 700 801 Inde
726 768 881 812 111-(6101111
905 768 1041 802 comitia
1065 767 1197 802 habita:

149 818 254 852 creati
285 817 347 852 Μ’.
378 817 582 862 Pomponius
615 817 734 852 Matho
769 822 802 853 et
835 819 872 853 P.
904 819 1024 853 Furius
1060 819 1176 853 Philus
1190 834 1200 854 :-

148 868 246 903 l’liilo
264 869 380 903 Romae
392 869 461 913 juri
487 868 630 903 dicundo
655 869 781 904 urbana
803 882 883 911 sors,
902 871 1089 915 Pomponio
1114 871 1200 905 inter

149 920 238 955 cives
266 920 433 954 Romanos
459 923 493 955 et
518 921 711 965 peregrinos
736 921 866 956 evenit:
894 922 997 956 additi
1021 922 1088 956 duo
1118 934 1200 967 prae-

149 974 249 1012 tores,
269 971 318 1006 M.
339 971 497 1006 Claudius
515 972 695 1006 Marcellus
718 972 752 1006 in
771 973 923 1014 Siciliam,
944 974 983 1007 L.
1002 974 1200 1008 Postumius

149 1022 291 1057 Albinus
316 1023 350 1057 in
377 1023 534 1058 Gallium:
569 1035 682 1057 omnes
707 1023 863 1058 absentes
893 1024 995 1059 creati
1021 1028 1112 1066 sunt,
1138 1037 1200 1059 nec

149 1074 303 1120 cuiquam
329 1086 443 1109 eorum
470 1076 589 1120 praeter
609 1075 802 1109 Terentium
828 1075 995 1110 consulem
1022 1075 1200 1110 mandatus

149 1125 255 1160 honos
274 1138 371 1171 quem
385 1128 455 1170 jam
474 1138 540 1160 non
562 1129 660 1160 antea
682 1126 851 1170 gessisset,
871 1127 1049 1171 praeteritis
1075 1127 1201 1172 aliquot

152 1176 295 1212 fortibus
313 1189 350 1211 uc
369 1177 513 1211 strenuis
531 1177 620 1220 viris,
638 1178 715 1223 quia
733 1178 766 1212 111
783 1177 841 1212 tali
859 1181 1009 1222 tempore
1027 1178 1127 1212 nullis
1146 1191 1201 1212 no-

59 1230 142 1273 (36)
154 1241 214 1263 vus
232 1228 448 1273 magistratus
466 1228 641 1263 videbatur
661 1229 876 1263 mandandus.
926 1230 1105 1264 Exercitus
1124 1242 1202 1274 quo-

153 1292 217 1325 que
242 1279 455 1324 multiplicati
481 1282 571 1314 sunt.
621 1280 767 1317 Quantae
796 1283 907 1314 autem
933 1280 1085 1325 peditum
1113 1281 1201 1325 equi-

150 1334 290 1376 tumque
313 1330 434 1365 additae
459 1331 526 1365 sint
551 1331 664 1376 copiae,
691 1331 772 1365 adeo
797 1335 830 1365 et
856 1344 993 1366 numero
1019 1335 1052 1366 et
1078 1344 1202 1376 genere

150 1383 319 1427 copiarum
334 1383 462 1417 variant
477 1386 639 1423 auctores,
654 1385 692 1416 ut
706 1382 764 1416 vix
777 1383 952 1428 quicquum
972 1383 1052 1417 satis
1071 1387 1202 1418 eertum

152 1434 324 1468 adfirmare
342 1446 442 1468 ausus
461 1435 544 1468 sim:
568 1434 681 1468 decem
696 1433 796 1468 millia
810 1446 969 1468 novorum
984 1434 1129 1469 militum
1148 1434 1204 1468 ulii

151 1486 276 1530 scripta
298 1485 332 1519 111
355 1484 635 1529 supplementum,
658 1484 712 1518 alii
733 1497 833 1519 novas
858 1489 1018 1530 quattuor
1040 1485 1200 1528 legiones,

151 1541 190 1571 ut
213 1540 289 1571 ocio
310 1536 496 1581 legionibus
517 1549 585 1570 rem
604 1540 778 1581 gererent:
806 1549 943 1571 numero
961 1549 1092 1582 quoque
1110 1535 1203 1581 pedi-

151 1591 222 1622 tum
239 1588 453 1633 equitumque
471 1587 617 1632 legiones
632 1590 745 1622 auctas
760 1587 903 1622 millibus
918 1588 1064 1633 peditum
1080 1591 1113 1622 et
1127 1599 1202 1622 6611-

151 1639 237 1673 tenis
256 1639 423 1684 equitibus
441 1639 475 1673 in
493 1639 639 1684 singulas
657 1638 806 1683 adjectis,
822 1642 859 1673 ut
878 1639 978 1684 quina
991 1639 1092 1674 millia
1110 1638 1202 1684 pedi-

153 1695 220 1724 tum
238 1690 454 1735 quaulrinzeni
469 1691 597 1734 equites
615 1693 737 1732 essent,
752 1690 831 1725 socii
846 1689 1010 1734 duplicem
1025 1702 1201 1724 numerum

151 1741 301 1786 equitum
319 1741 445 1783 (11116111,
463 1741 585 1786 peditis
603 1744 792 1786 aequarent:
819 1745 948 1786 septem
971 1744 1005 1777 et
1027 1741 1202 1787 octoginta
