1298 1921
126 77 141 92 ἢ
354 33 445 64 LIB.
468 32 606 64 XXIII.
631 33 767 64 38—41.
1023 33 1082 65 187

0 127 1 134 ¹
32 77 197 157 11³6&in
206 108 429 155 Hampsicora
449 110 523 143 tum
544 108 632 142 forte
649 106 821 152 profectus
843 107 914 141 erat
930 105 965 141 in
985 105 1085 141 Pelli-
1098 113 1117 142 3

0 169 2 187 ²
34 168 87 197 tos
107 161 227 197 Sardos
241 161 281 196 ad
289 162 504 206 juventutem
518 159 717 201 armandam,
731 171 797 204 qua
809 158 920 204 copias
934 162 1082 205 augeret.

0 226 2 233 ·
34 213 140 248 Filius
165 213 296 247 nomine
315 212 459 246 Hostius
484 211 602 246 castris
623 212 786 254 praeerat:
811 210 839 244 is
862 209 1118 245 adolescentia4

33 264 128 299 ferox
157 266 283 298 temere
311 263 430 308 proelio
455 262 540 297 inito
568 262 664 296 susus
692 261 917 307 fugatusque:
953 260 995 295 ad
1020 261 1086 295 tria

34 315 137 350 millia
160 314 340 349 Sardorum
366 325 404 348 eo
427 312 545 358 proelio
567 324 661 355 caesa,
684 312 869 358 octingenti
893 311 996 346 ferme
1019 311 1086 347 vivi

34 366 145 411 capti:
180 365 264 400 alius
289 365 455 400 exercitus
480 364 586 410 primo
609 376 668 409 pcr
692 375 790 409 agros
814 363 981 408 silvasque
1005 362 1087 408 fuga

0 432 4 438 ·
33 417 176 463 palatus,
201 416 286 460 dein,
306 428 370 462 quo
396 415 514 450 ducem
539 415 666 460 fugisse
688 414 776 449 fama
797 416 880 456 erat,
903 413 945 448 ad
970 413 1086 449 urbem

0 473 4 497 ;
33 469 168 503 nomine
186 468 331 503 Cornum
351 470 452 513 caput
477 469 550 511 ejus
572 465 717 512 regionis
742 465 913 511 confugit:
944 464 1086 500 debella-

0 524 4 548 ;
31 522 174 565 tumque
197 531 236 554 eo
258 518 374 564 proelio
399 519 433 553 in
458 517 609 553 Sardinia
634 519 733 559 esset,
758 517 793 551 m'
817 516 931 552 classis
958 516 1087 551 Punica

0 578 4 601 ³
35 582 111 606 cum
135 570 219 605 duce
245 569 467 612 Hasdrubale,
485 581 559 615 quae
582 571 785 614 tempestate
808 567 936 613 dejecta
960 567 1000 602 ad
1021 567 1086 602 Ba-

33 622 141 656 leares
164 623 246 664 erat,
266 621 301 655 in
323 623 472 666 tempore
497 619 538 654 ad
563 632 655 665 spem
680 619 861 654 rebellandi
885 618 1085 653 advenisset.

0 689 4 696 ·
33 672 185 707 Manlius
202 674 278 717 post
296 671 417 706 famam
435 671 583 716 adpulsae
600 670 735 705 Punicae
759 670 873 705 classis
899 669 1033 704 Carales
1051 681 1087 704 se
1102 676 1119 705 5

36 723 181 769 recepit:
208 735 248 758 ea
263 722 392 757 occasio
415 722 645 768 Hampsicorae
670 721 748 756 data
764 724 816 756 est
840 721 944 756 Poeno
961 727 996 755 se
1011 721 1087 766 jun-

37 775 148 820 gendi.
197 773 402 817 Hasdrubal,
419 773 523 819 copiis
540 773 575 807 in
597 776 720 807 terram
743 772 904 818 expositis
927 774 961 807 et
984 772 1121 806 classeG

0 849 4 858 .
36 825 176 860 remissa
201 825 450 871 Carthaginem,
477 824 561 859 duce
593 823 818 869 Hampsicora
849 823 891 858 ad
923 823 1089 858 sociorum

35 877 154 923 populi
182 876 327 911 Romani
356 888 473 922 agrum
500 875 727 921 populandum
755 874 926 920 profectus
955 874 1088 909 Carales

36 930 261 972 perventurus
286 930 368 969 erat,
394 927 430 962 ni
453 927 600 961 Manlius
625 925 723 961 obvio
748 925 897 961 exercitu
920 926 962 960 ab
985 926 1090 964 effusa

36 991 112 1014 eum
150 978 366 1024 populatione
398 978 631 1014 continuisset.
682 977 796 1011 Primo
829 980 939 1012 castra
970 977 1122 1015 castris?

36 1029 166 1064 modico
183 1029 357 1064 intervallo
382 1032 462 1064 sunt
479 1029 621 1074 objecta,
639 1028 716 1063 dein
738 1028 895 1074 deinceps
915 1040 1090 1073 procursa-

33 1081 144 1116 tiones
164 1081 250 1116 levia
268 1081 452 1116 certamina
471 1081 562 1115 vario
585 1083 709 1115 eventu
733 1080 828 1119 inita,
846 1084 1016 1125 postremo
1037 1079 1090 1114 de-

36 1144 188 1167 scensum
207 1131 243 1166 in
259 1132 373 1173 aciem,
392 1132 496 1177 signis
519 1131 647 1166 collatis
667 1131 760 1176 justo
778 1130 894 1176 proelio
912 1143 971 1176 per
994 1135 1090 1176 quat-

34 1187 115 1218 tuor
138 1183 237 1218 horas
269 1185 467 1229 pugnatum.
516 1183 586 1218 Diu
610 1194 759 1228 pugnam
788 1182 968 1227 ancipitem
994 1183 1123 1221 Poenis

37 1236 150 1271 Sardis
174 1235 271 1270 facile
290 1236 378 1271 vinci
403 1235 550 1270 adsuetis
575 1235 738 1277 fecerunt,
762 1238 932 1280 postremo
957 1237 991 1269 et
1016 1235 1090 1280 ipsi,

36 1299 138 1332 quum
152 1287 263 1321 onmia
273 1287 360 1322 circa
371 1291 484 1333 strage
495 1299 532 1321 ac
544 1287 626 1331 fuga
638 1286 818 1321 Sardorum
830 1286 957 1332 repleta
967 1289 1090 1329 essent,

0 1349 2 1353 ’
36 1338 115 1373 fusi.
165 1338 333 1373 Caeterum
346 1343 443 1384 terga
455 1338 573 1372 dantes
587 1337 816 1373 circumducto
830 1349 942 1379 cornu,
957 1349 1022 1383 quo
1036 1350 1089 1382 pe·
1104 1348 1122 1378 9

38 1388 170 1433 pulerat
199 1388 330 1430 Sardos,
356 1389 492 1424 inclusit
522 1389 717 1423 Romanus:
752 1388 858 1423 caedes
883 1388 959 1423 inde
984 1389 1090 1434 magis

33 1453 134 1486 quam
157 1453 270 1486 pugna
290 1440 375 1476 fuit:
410 1440 585 1475 duodecim
607 1440 710 1475 millia
731 1440 880 1475 hostium
905 1452 993 1475 caesa
1014 1441 1090 1474 Sar-

34 1491 153 1526 dorum
177 1491 275 1526 simul
299 1491 556 1537 Poenorumque,
576 1492 679 1526 ferme
704 1492 770 1526 tria
791 1491 894 1527 millia
916 1494 949 1526 et
968 1491 1090 1537 septin-

36 1543 129 1588 genti
152 1542 242 1588 capti
259 1545 293 1577 et
316 1543 412 1588 signa
432 1543 589 1578 militaria
606 1546 735 1588 septem
759 1545 794 1578 et
817 1543 950 1586 viginti.
1000 1544 1090 1577 Ante
1104 1546 1182 1590 (41)

35 1593 148 1628 omnia
164 1593 285 1628 claram
310 1596 344 1628 et
361 1593 604 1628 memorabilem
630 1605 775 1639 pugnam
799 1593 879 1628 fecit
897 1592 1091 1628 Hasdrubal

33 1645 219 1689 imperator
235 1648 354 1690 captus
369 1648 403 1679 et
420 1645 545 1680 Hanno
562 1647 597 1680 et
614 1645 718 1690 Mago
735 1644 862 1680 nobiles
878 1644 1091 1689 Carthagini-

33 1707 142 1737 enses,
173 1695 278 1742 Mago
307 1708 348 1730 ex
373 1699 474 1741 gente
503 1696 648 1731 Barcina
676 1696 864 1741 propinqua
892 1696 1091 1741 cognatione

34 1746 218 1782 Hannibali
230 1749 382 1792 junctus,
394 1747 519 1782 Hanno
537 1750 653 1783 auctor
666 1746 855 1782 rebellionis
871 1747 983 1782 Sardis
1000 1746 1090 1782 belli·
