1298 1921
397 28 487 59 LIB.
511 29 651 59 XXIII.
677 30 792 66 12,13.
1067 28 1123 58 151

72 72 104 96 A.
120 70 233 101 0216.)

68 105 177 149 cipere
202 115 380 149 possumus
405 103 511 138 videri
536 115 662 150 pacem,
689 116 806 140 vercor
831 116 873 139 ne
898 107 969 138 haec
994 113 1126 148 quoque

68 154 183 190 laetitia
214 154 365 190 luxuriet
398 154 494 190 nobis
527 167 566 190 ac
599 168 684 190 vana
719 155 851 190 evadat.
902 155 984 197 Quae
1012 157 1154 193 tamens

67 217 155 241 nunc
184 217 316 252 quoque
346 206 452 252 qualis
482 207 560 241 est?
595 206 702 241 occidi
732 207 900 242 exercitus
930 205 1127 240 hostium-

68 257 191 292 mittite
215 257 336 292 milites
357 257 448 292 mihi.
499 257 592 295 Quid
615 257 706 293 aliud
728 270 875 304 rogares,
895 257 923 292 si
948 269 1039 292 esses
1060 256 1158 292 vic-9

67 309 149 344 tus?
174 308 323 343 hostium
350 309 424 354 cepi
453 308 534 344 bina
558 312 678 351 castra,
701 309 821 355 praedae
847 308 1004 344 videlicet
1029 307 1127 354 plena

67 364 101 395 et
119 360 621 395 commeatuum—frumentum
644 363 678 395 et
696 361 873 406 pecuniam
892 360 981 395 date.
1033 358 1127 397 Quid
1139 366 1179 396 10

67 410 166 452 aliud,
189 411 217 446 si
235 411 399 456 spoliatus
423 411 452 446 si
477 414 601 446 exutus
625 413 744 447 castris
770 425 870 455 esses,
895 411 1058 457 peteres?
1092 413 1127 445 et

66 475 109 498 ne
131 463 241 497 omnia
263 463 337 508 ipse
360 462 591 498 mirer—mihi
615 475 748 509 quoque
772 465 870 507 enim,
894 463 1050 509 quoniam
1075 474 1128 496 re-

67 513 188 558 spondi
205 514 398 557 Himilconi,
416 514 624 560 interrogare
637 517 695 559 jus
714 516 831 561 fasque
849 513 1049 550 est—velim
1067 526 1128 548 seu

67 565 215 600 Himilco
238 577 298 600 seu
315 565 420 611 Mago
443 565 654 610 respondeat,
674 579 777 612 quum
802 566 843 601 ad
863 566 1127 601 internecionem

67 616 213 651 Romani
229 617 361 662 imperii
387 619 574 662 pugnatum
599 617 641 651 ad
659 617 792 652 Cannas
810 618 855 653 sit
873 620 1074 662 constetque
1091 617 1127 651 in

67 667 288 702 defectionem
312 671 419 702 totam
437 667 572 702 Italiam
598 680 681 712 esse,
698 669 856 712 primum,
874 669 989 715 ecquis
1010 668 1127 703 Latini

66 719 209 753 nominis
228 719 372 764 populus
398 718 558 754 defecerit
582 719 624 754 ad
648 732 720 764 nos,
738 720 870 760 deinde,
888 720 1001 766 ecquis
1025 720 1125 754 homo

67 783 108 805 ex
129 770 276 816 quinque
299 774 333 805 et
356 770 498 816 triginta
520 770 678 805 tribubus
703 771 744 806 ad
765 771 991 807 Hannibalem
1014 773 1125 805 trans-

66 822 192 867 fugerit
206 822 245 857 ?''
274 822 385 864 Quum
411 826 594 867 utrumque
617 822 722 868 Mago
739 826 907 869 negasset,
928 823 1124 857 “Hostium

67 873 200 919 quidem
226 873 328 919 ergo'’
352 873 462 919 inquit
491 877 511 891 ‘⁶
529 873 639 908 adhuc
664 875 763 910 nimis
789 874 932 909 multum
957 877 1122 919 superest.

68 925 133 960 Sed
157 924 339 960 multitudo
363 937 402 960 ea
429 924 510 971 quid
537 925 722 960 animorum
749 926 870 972 quidve
895 926 966 972 spei
990 925 1121 968 habeat,
1138 929 1170 958 11

66 977 150 1012 scire
167 976 300 1012 velim.'’
352 977 464 1019 Quum
487 976 522 1011 id
546 977 676 1012 nescire
699 978 804 1024 Mago
830 977 967 1020 diceret,
996 981 1016 995 “
1030 974 1214 1015 Nihss(13)

64 1028 195 1063 facilius
221 1029 309 1063 scitu
333 1029 408 1063 est’'
435 1027 556 1073 inquit.
609 1029 780 1074 “Ecquos
805 1029 936 1075 legatos
961 1027 1003 1063 ad
1028 1029 1154 1066 Han-2

65 1079 208 1115 m'balem
237 1079 383 1114 Romani
414 1079 578 1114 miserunt
604 1079 645 1115 de
674 1081 781 1126 pace?
816 1093 952 1126 ecquam
981 1079 1124 1126 denique

66 1131 269 1166 mentionem
295 1131 387 1177 pacis
414 1131 532 1166 Romae
561 1131 685 1167 factam
715 1143 789 1166 esse
819 1132 966 1166 adlatum
994 1131 1036 1166 ad
1065 1144 1124 1167 vos

64 1185 117 1217 est
129 1183 166 1218 ?”
194 1184 305 1225 Quum
317 1181 352 1217 id.
365 1194 497 1228 quoque
510 1186 680 1229 negasset,
698 1185 717 1201 “
727 1183 861 1218 Bellum
875 1183 1002 1229 igitur'‘
1013 1183 1123 1229 inquit

66 1237 89 1252 “
105 1237 174 1269 tam
191 1234 362 1280 integrum
379 1233 540 1269 habemus
562 1247 662 1280 quam
679 1234 857 1270 habuimus
876 1247 941 1280 qua
959 1234 1011 1269 die
1029 1235 1123 1269 Han-

65 1285 155 1321 nibal
171 1286 205 1320 in
223 1285 357 1320 Italiam
374 1288 426 1320 est
443 1288 689 1330 transgressus.
740 1286 853 1324 Quam
874 1286 965 1321 varia
981 1286 1152 1324 victorias

65 1337 176 1383 priore
201 1337 330 1372 Punico
355 1336 441 1372 bello
470 1336 584 1379 fuerit,
611 1337 761 1384 plerique
791 1337 848 1383 qui
872 1337 1122 1373 meminerimus

65 1401 297 1434 supersumus:
331 1400 514 1434 numquam
536 1391 627 1424 terra
650 1389 800 1434 marique
823 1388 930 1434 magis
953 1401 1121 1434 prosperae

64 1452 118 1475 res
135 1444 260 1475 nostrae
281 1439 361 1475 visae
378 1442 458 1475 sunt
481 1452 581 1486 quam
606 1443 684 1475 ante
707 1439 860 1475 consules
885 1439 922 1475 C.
941 1440 1121 1476 Lutatium

64 1495 99 1527 et
124 1493 165 1526 A.
184 1492 397 1526 Postumium
421 1491 580 1527 fuerunt:
615 1491 754 1527 Lutatio
779 1494 814 1526 et
838 1492 1015 1527 Postumio
1042 1505 1120 1528 con-

65 1543 194 1579 sulibus
212 1543 335 1578 devicti
348 1543 390 1577 ad
407 1543 548 1589 AEgates
566 1543 692 1578 insulas
710 1555 836 1578 sumus.
887 1543 991 1582 Quod
1008 1544 1116 1579 si—id
1129 1552 1150 1582 4

65 1594 155 1641 quod
181 1594 215 1629 di
240 1607 338 1630 omen
363 1597 654 1630 avertant—nunc
679 1606 812 1641 quoque
837 1594 975 1630 fortuna
992 1596 1116 1641 aliquid

64 1646 254 1689 variaverit,
272 1649 346 1681 tum
371 1658 489 1692 pacem
513 1646 656 1691 speratis
682 1659 785 1692 quum
808 1646 990 1688 vincemur,
1018 1659 1119 1693 quam

65 1710 154 1733 nunc
177 1710 281 1743 quum
298 1697 462 1733 vincimus
486 1696 544 1732 dat
568 1698 692 1732 nemo?
726 1709 799 1743 ego,
823 1698 851 1733 si
875 1698 948 1744 quis
972 1698 1013 1733 de
1037 1711 1119 1743 pace

65 1750 217 1786 consulet
239 1763 300 1786 seu
323 1749 503 1785 deferenda
523 1749 678 1785 hostibus
701 1761 761 1785 seu
786 1749 988 1796 accipienda,
1012 1751 1119 1788 habeo
