<?xml version="1.0" encoding="UTF-8"?>
<!DOCTYPE html PUBLIC "-//W3C//DTD XHTML 1.0 Transitional//EN"
    "http://www.w3.org/TR/xhtml1/DTD/xhtml1-transitional.dtd">
<html xmlns="http://www.w3.org/1999/xhtml" xml:lang="en" lang="en">
 <head>
  <title>
</title>
<meta http-equiv="Content-Type" content="text/html;charset=utf-8" />
  <meta name='ocr-system' content='tesseract 3.04.00' />
  <meta name='ocr-capabilities' content='ocr_page ocr_carea ocr_par ocr_line ocrx_word'/>
</head>
<body>
  <div class='ocr_page' id='page_1' title='image "./booksxxixxivwith00livyuoft_0244.png"; bbox 0 0 1298 1921; ppageno 0'>
   <div class='ocr_carea' id='block_1_1' title="bbox 175 62 1207 136">
    <p class='ocr_par' dir='ltr' id='par_1_1' title="bbox 175 62 1207 136">
     <span class='ocr_line' id='line_1_1' title="bbox 175 62 1207 136; baseline -0.002 -42"><span class='ocrx_word' id='word_1_1' title='bbox 175 65 237 94; x_wconf 86' lang='lat'>222</span> <span class='ocrx_word' id='word_1_2' title='bbox 418 62 455 94; x_wconf 90' lang='lat' dir='ltr'>T.</span> <span class='ocrx_word' id='word_1_3' title='bbox 473 62 597 92; x_wconf 90' lang='lat' dir='ltr'>LIVII</span> <span class='ocrx_word' id='word_1_4' title='bbox 621 62 954 93; x_wconf 86' lang='lat' dir='ltr'>HISTORIARUM</span> <span class='ocrx_word' id='word_1_5' title='bbox 1055 104 1091 136; x_wconf 83' lang='lat' dir='ltr'>[A</span> <span class='ocrx_word' id='word_1_6' title='bbox 1117 105 1136 128; x_wconf 74' lang='lat' dir='ltr'>C</span> <span class='ocrx_word' id='word_1_7' title='bbox 1159 105 1207 130; x_wconf 58' lang='lat'>⁹¹4</span> 
     </span>
    </p>
   </div>
   <div class='ocr_carea' id='block_1_2' title="bbox 73 137 1222 1779">
    <p class='ocr_par' dir='ltr' id='par_1_2' title="bbox 172 137 1220 388">
     <span class='ocr_line' id='line_1_2' title="bbox 174 137 1218 183; baseline -0.001 -11"><span class='ocrx_word' id='word_1_8' title='bbox 174 137 238 172; x_wconf 84' lang='lat' dir='ltr'>alia</span> <span class='ocrx_word' id='word_1_9' title='bbox 269 149 409 183; x_wconf 82' lang='lat' dir='ltr'>operum</span> <span class='ocrx_word' id='word_1_10' title='bbox 441 137 788 183; x_wconf 74' lang='lat' dir='ltr'>machinationumque</span> <span class='ocrx_word' id='word_1_11' title='bbox 819 150 944 183; x_wconf 78' lang='lat' dir='ltr'>genera</span> <span class='ocrx_word' id='word_1_12' title='bbox 972 149 1074 182; x_wconf 87' lang='lat' dir='ltr'>quum</span> <span class='ocrx_word' id='word_1_13' title='bbox 1108 137 1218 171; x_wconf 83' lang='lat' dir='ltr'>admo-</span> 
     </span>
     <span class='ocr_line' id='line_1_3' title="bbox 173 188 1217 234; baseline 0 -12"><span class='ocrx_word' id='word_1_14' title='bbox 173 192 341 230; x_wconf 84' lang='lat' dir='ltr'>verentur,</span> <span class='ocrx_word' id='word_1_15' title='bbox 356 188 582 234; x_wconf 76' lang='lat' dir='ltr'>Campanique</span> <span class='ocrx_word' id='word_1_16' title='bbox 600 188 738 223; x_wconf 85' lang='lat' dir='ltr'>Fabium</span> <span class='ocrx_word' id='word_1_17' title='bbox 756 192 888 223; x_wconf 85' lang='lat' dir='ltr'>orarent</span> <span class='ocrx_word' id='word_1_18' title='bbox 906 193 944 223; x_wconf 87' lang='lat' dir='ltr'>ut</span> <span class='ocrx_word' id='word_1_19' title='bbox 962 188 1051 223; x_wconf 86' lang='lat' dir='ltr'>abire</span> <span class='ocrx_word' id='word_1_20' title='bbox 1070 189 1217 233; x_wconf 83' lang='lat' dir='ltr'>Capuam</span> 
     </span>
     <span class='ocr_line' id='line_1_4' title="bbox 173 239 1220 285; baseline -0.002 -11"><span class='ocrx_word' id='word_1_21' title='bbox 173 244 249 274; x_wconf 87' lang='lat' dir='ltr'>tuto</span> <span class='ocrx_word' id='word_1_22' title='bbox 288 240 412 281; x_wconf 83' lang='lat' dir='ltr'>liceret,</span> <span class='ocrx_word' id='word_1_23' title='bbox 446 240 560 285; x_wconf 83' lang='lat' dir='ltr'>paucis</span> <span class='ocrx_word' id='word_1_24' title='bbox 593 239 737 284; x_wconf 74' lang='lat' dir='ltr'>egressis</span> <span class='ocrx_word' id='word_1_25' title='bbox 770 240 951 274; x_wconf 81' lang='lat' dir='ltr'>Marcellus</span> <span class='ocrx_word' id='word_1_26' title='bbox 989 243 1118 285; x_wconf 82' lang='lat' dir='ltr'>portam</span> <span class='ocrx_word' id='word_1_27' title='bbox 1152 252 1220 284; x_wconf 84' lang='lat' dir='ltr'>qua</span> 
     </span>
     <span class='ocr_line' id='line_1_5' title="bbox 173 290 1217 337; baseline -0.001 -12"><span class='ocrx_word' id='word_1_28' title='bbox 173 291 431 337; x_wconf 79' lang='lat' dir='ltr'>egrediebantur</span> <span class='ocrx_word' id='word_1_29' title='bbox 455 291 641 336; x_wconf 81' lang='lat' dir='ltr'>occupavit,</span> <span class='ocrx_word' id='word_1_30' title='bbox 666 290 837 335; x_wconf 72' lang='lat' dir='ltr'>caedesque</span> <span class='ocrx_word' id='word_1_31' title='bbox 859 291 1046 336; x_wconf 85' lang='lat' dir='ltr'>promiscue</span> <span class='ocrx_word' id='word_1_32' title='bbox 1070 290 1217 324; x_wconf 87' lang='lat' dir='ltr'>omnium</span> 
     </span>
     <span class='ocr_line' id='line_1_6' title="bbox 172 341 1219 388; baseline -0.002 -11"><span class='ocrx_word' id='word_1_33' title='bbox 172 343 260 377; x_wconf 84' lang='lat' dir='ltr'>circa</span> <span class='ocrx_word' id='word_1_34' title='bbox 288 348 418 388; x_wconf 86' lang='lat' dir='ltr'>portam</span> <span class='ocrx_word' id='word_1_35' title='bbox 443 342 559 387; x_wconf 85' lang='lat' dir='ltr'>primo,</span> <span class='ocrx_word' id='word_1_36' title='bbox 586 341 704 376; x_wconf 88' lang='lat' dir='ltr'>deinde</span> <span class='ocrx_word' id='word_1_37' title='bbox 730 342 916 386; x_wconf 72' lang='lat' dir='ltr'>irruptione</span> <span class='ocrx_word' id='word_1_38' title='bbox 942 342 1031 376; x_wconf 79' lang='lat' dir='ltr'>facta</span> <span class='ocrx_word' id='word_1_39' title='bbox 1056 341 1157 376; x_wconf 84' lang='lat' dir='ltr'>etiam</span> <span class='ocrx_word' id='word_1_40' title='bbox 1183 342 1219 375; x_wconf 90' lang='lat' dir='ltr'>in</span> 
     </span>
    </p>

    <p class='ocr_par' dir='ltr' id='par_1_3' title="bbox 137 392 1219 490">
     <span class='ocr_line' id='line_1_7' title="bbox 137 392 1219 439; baseline -0.003 -10"><span class='ocrx_word' id='word_1_41' title='bbox 137 404 156 433; x_wconf 72' lang='lat'><em>8</em></span> <span class='ocrx_word' id='word_1_42' title='bbox 170 394 252 429; x_wconf 89' lang='lat' dir='ltr'>urbe</span> <span class='ocrx_word' id='word_1_43' title='bbox 270 394 341 428; x_wconf 88' lang='lat' dir='ltr'>ficri</span> <span class='ocrx_word' id='word_1_44' title='bbox 358 396 468 439; x_wconf 79' lang='lat' dir='ltr'>coepta</span> <span class='ocrx_word' id='word_1_45' title='bbox 483 397 546 428; x_wconf 86' lang='lat' dir='ltr'>est.</span> <span class='ocrx_word' id='word_1_46' title='bbox 596 393 854 438; x_wconf 77' lang='lat' dir='ltr'>Quinquaginta</span> <span class='ocrx_word' id='word_1_47' title='bbox 877 393 946 427; x_wconf 86' lang='lat' dir='ltr'>fere</span> <span class='ocrx_word' id='word_1_48' title='bbox 969 393 1074 438; x_wconf 86' lang='lat' dir='ltr'>primo</span> <span class='ocrx_word' id='word_1_49' title='bbox 1092 392 1219 437; x_wconf 77' lang='lat' dir='ltr'>egressi</span> 
     </span>
     <span class='ocr_line' id='line_1_8' title="bbox 171 443 1218 490; baseline -0.002 -11"><span class='ocrx_word' id='word_1_50' title='bbox 171 445 429 488; x_wconf 73' lang='lat' dir='ltr'>Campanorum,</span> <span class='ocrx_word' id='word_1_51' title='bbox 455 457 558 490; x_wconf 87' lang='lat' dir='ltr'>quum</span> <span class='ocrx_word' id='word_1_52' title='bbox 580 444 622 478; x_wconf 85' lang='lat' dir='ltr'>ad</span> <span class='ocrx_word' id='word_1_53' title='bbox 640 443 781 478; x_wconf 82' lang='lat' dir='ltr'>Fabium</span> <span class='ocrx_word' id='word_1_54' title='bbox 802 444 1046 489; x_wconf 74' lang='lat' dir='ltr'>confugissent,</span> <span class='ocrx_word' id='word_1_55' title='bbox 1065 443 1218 488; x_wconf 74' lang='lat' dir='ltr'>praesidio</span> 
     </span>
    </p>

    <p class='ocr_par' dir='ltr' id='par_1_4' title="bbox 136 494 1219 789">
     <span class='ocr_line' id='line_1_9' title="bbox 136 494 1219 542; baseline -0.006 -8"><span class='ocrx_word' id='word_1_56' title='bbox 136 504 154 534; x_wconf 88' lang='lat'>9</span> <span class='ocrx_word' id='word_1_57' title='bbox 170 497 241 542; x_wconf 79' lang='lat' dir='ltr'>ejus</span> <span class='ocrx_word' id='word_1_58' title='bbox 267 497 417 541; x_wconf 83' lang='lat' dir='ltr'>Capuam</span> <span class='ocrx_word' id='word_1_59' title='bbox 442 499 679 541; x_wconf 87' lang='lat' dir='ltr'>pervenerunt.</span> <span class='ocrx_word' id='word_1_60' title='bbox 730 495 914 530; x_wconf 84' lang='lat' dir='ltr'>Casilinum</span> <span class='ocrx_word' id='word_1_61' title='bbox 940 495 1027 529; x_wconf 89' lang='lat' dir='ltr'>inter</span> <span class='ocrx_word' id='word_1_62' title='bbox 1055 494 1219 540; x_wconf 83' lang='lat' dir='ltr'>colloquia</span> 
     </span>
     <span class='ocr_line' id='line_1_10' title="bbox 168 546 1218 592; baseline -0.003 -10"><span class='ocrx_word' id='word_1_63' title='bbox 168 548 485 592; x_wconf 77' lang='lat' dir='ltr'>cunctationemque</span> <span class='ocrx_word' id='word_1_64' title='bbox 510 547 696 592; x_wconf 76' lang='lat' dir='ltr'>petentium</span> <span class='ocrx_word' id='word_1_65' title='bbox 719 547 817 582; x_wconf 87' lang='lat' dir='ltr'>fidem</span> <span class='ocrx_word' id='word_1_66' title='bbox 840 559 899 592; x_wconf 86' lang='lat' dir='ltr'>per</span> <span class='ocrx_word' id='word_1_67' title='bbox 921 546 1125 581; x_wconf 81' lang='lat' dir='ltr'>occasionem</span> <span class='ocrx_word' id='word_1_68' title='bbox 1145 558 1218 588; x_wconf 87' lang='lat' dir='ltr'>cap-</span> 
     </span>
     <span class='ocr_line' id='line_1_11' title="bbox 168 596 1218 644; baseline -0.003 -10"><span class='ocrx_word' id='word_1_69' title='bbox 168 603 243 634; x_wconf 89' lang='lat' dir='ltr'>tum</span> <span class='ocrx_word' id='word_1_70' title='bbox 265 602 337 634; x_wconf 87' lang='lat' dir='ltr'>est:</span> <span class='ocrx_word' id='word_1_71' title='bbox 374 598 564 644; x_wconf 84' lang='lat' dir='ltr'>captivique</span> <span class='ocrx_word' id='word_1_72' title='bbox 589 599 835 644; x_wconf 82' lang='lat' dir='ltr'>Campanorum</span> <span class='ocrx_word' id='word_1_73' title='bbox 865 598 988 643; x_wconf 89' lang='lat' dir='ltr'>quique</span> <span class='ocrx_word' id='word_1_74' title='bbox 1016 596 1218 631; x_wconf 75' lang='lat' dir='ltr'>Hannibalis</span> 
     </span>
     <span class='ocr_line' id='line_1_12' title="bbox 169 647 1219 695; baseline -0.003 -10"><span class='ocrx_word' id='word_1_75' title='bbox 169 651 312 685; x_wconf 88' lang='lat' dir='ltr'>militum</span> <span class='ocrx_word' id='word_1_76' title='bbox 331 654 426 685; x_wconf 84' lang='lat' dir='ltr'>erant</span> <span class='ocrx_word' id='word_1_77' title='bbox 444 650 587 684; x_wconf 85' lang='lat' dir='ltr'>Romam</span> <span class='ocrx_word' id='word_1_78' title='bbox 604 650 697 684; x_wconf 80' lang='lat' dir='ltr'>missi</span> <span class='ocrx_word' id='word_1_79' title='bbox 715 652 816 695; x_wconf 84' lang='lat' dir='ltr'>atquc</span> <span class='ocrx_word' id='word_1_80' title='bbox 832 648 878 684; x_wconf 86' lang='lat' dir='ltr'>ibi</span> <span class='ocrx_word' id='word_1_81' title='bbox 896 649 930 683; x_wconf 87' lang='lat' dir='ltr'>in</span> <span class='ocrx_word' id='word_1_82' title='bbox 950 659 1082 683; x_wconf 87' lang='lat' dir='ltr'>carcere</span> <span class='ocrx_word' id='word_1_83' title='bbox 1100 647 1219 682; x_wconf 90' lang='lat' dir='ltr'>inclusi</span> 
     </span>
     <span class='ocr_line' id='line_1_13' title="bbox 171 698 1218 747; baseline -0.004 -11"><span class='ocrx_word' id='word_1_84' title='bbox 171 705 261 744; x_wconf 83' lang='lat' dir='ltr'>sunt,</span> <span class='ocrx_word' id='word_1_85' title='bbox 280 700 519 747; x_wconf 75' lang='lat' dir='ltr'>oppidanorum</span> <span class='ocrx_word' id='word_1_86' title='bbox 542 701 643 736; x_wconf 84' lang='lat' dir='ltr'>turba</span> <span class='ocrx_word' id='word_1_87' title='bbox 665 713 724 746; x_wconf 83' lang='lat' dir='ltr'>per</span> <span class='ocrx_word' id='word_1_88' title='bbox 748 700 906 735; x_wconf 85' lang='lat' dir='ltr'>finitimos</span> <span class='ocrx_word' id='word_1_89' title='bbox 925 698 1065 745; x_wconf 90' lang='lat' dir='ltr'>populos</span> <span class='ocrx_word' id='word_1_90' title='bbox 1082 699 1117 733; x_wconf 88' lang='lat' dir='ltr'>in</span> <span class='ocrx_word' id='word_1_91' title='bbox 1139 710 1218 733; x_wconf 89' lang='lat' dir='ltr'>cus-</span> 
     </span>
     <span class='ocr_line' id='line_1_14' title="bbox 172 753 431 789; baseline -0.008 0"><span class='ocrx_word' id='word_1_92' title='bbox 172 753 297 789; x_wconf 80' lang='lat' dir='ltr'>todiam</span> <span class='ocrx_word' id='word_1_93' title='bbox 316 753 431 788; x_wconf 88' lang='lat' dir='ltr'>divisa.</span> 
     </span>
    </p>

    <p class='ocr_par' dir='ltr' id='par_1_5' title="bbox 73 802 1219 1107">
     <span class='ocr_line' id='line_1_15' title="bbox 73 802 1218 851; baseline -0.004 -11"><span class='ocrx_word' id='word_1_94' title='bbox 73 807 163 851; x_wconf 81' lang='lat'>(20)</span> <span class='ocrx_word' id='word_1_95' title='bbox 222 804 354 843; x_wconf 77' lang='lat' dir='ltr'>Quibus</span> <span class='ocrx_word' id='word_1_96' title='bbox 372 803 488 839; x_wconf 88' lang='lat' dir='ltr'>diebus</span> <span class='ocrx_word' id='word_1_97' title='bbox 506 816 525 838; x_wconf 86' lang='lat' dir='ltr'>a</span> <span class='ocrx_word' id='word_1_98' title='bbox 541 804 688 838; x_wconf 89' lang='lat' dir='ltr'>Casilino</span> <span class='ocrx_word' id='word_1_99' title='bbox 704 816 739 838; x_wconf 90' lang='lat' dir='ltr'>re</span> <span class='ocrx_word' id='word_1_100' title='bbox 762 802 845 838; x_wconf 89' lang='lat' dir='ltr'>bene</span> <span class='ocrx_word' id='word_1_101' title='bbox 862 805 957 848; x_wconf 82' lang='lat' dir='ltr'>gesta</span> <span class='ocrx_word' id='word_1_102' title='bbox 973 814 1139 837; x_wconf 79' lang='lat' dir='ltr'>recessum</span> <span class='ocrx_word' id='word_1_103' title='bbox 1157 804 1218 843; x_wconf 84' lang='lat' dir='ltr'>est,</span> 
     </span>
     <span class='ocr_line' id='line_1_16' title="bbox 173 853 1219 900; baseline -0.004 -8"><span class='ocrx_word' id='word_1_104' title='bbox 173 857 221 893; x_wconf 87' lang='lat' dir='ltr'>eis</span> <span class='ocrx_word' id='word_1_105' title='bbox 240 857 410 892; x_wconf 84' lang='lat' dir='ltr'>Gracchus</span> <span class='ocrx_word' id='word_1_106' title='bbox 432 857 467 891; x_wconf 87' lang='lat' dir='ltr'>in</span> <span class='ocrx_word' id='word_1_107' title='bbox 491 856 636 891; x_wconf 84' lang='lat' dir='ltr'>Lucanis</span> <span class='ocrx_word' id='word_1_108' title='bbox 657 856 784 900; x_wconf 80' lang='lat' dir='ltr'>aliquot</span> <span class='ocrx_word' id='word_1_109' title='bbox 809 855 960 890; x_wconf 81' lang='lat' dir='ltr'>cohortes</span> <span class='ocrx_word' id='word_1_110' title='bbox 978 855 1012 889; x_wconf 90' lang='lat' dir='ltr'>in</span> <span class='ocrx_word' id='word_1_111' title='bbox 1029 867 1067 889; x_wconf 84' lang='lat' dir='ltr'>ea</span> <span class='ocrx_word' id='word_1_112' title='bbox 1084 853 1219 899; x_wconf 82' lang='lat' dir='ltr'>regione</span> 
     </span>
     <span class='ocr_line' id='line_1_17' title="bbox 172 902 1218 954; baseline -0.003 -11"><span class='ocrx_word' id='word_1_113' title='bbox 172 909 379 954; x_wconf 87' lang='lat' dir='ltr'>conscriptas</span> <span class='ocrx_word' id='word_1_114' title='bbox 397 902 473 943; x_wconf 65' lang='lat' dir='ltr'>c¹um</span> <span class='ocrx_word' id='word_1_115' title='bbox 491 908 648 953; x_wconf 73' lang='lat' dir='ltr'>praefecto</span> <span class='ocrx_word' id='word_1_116' title='bbox 674 907 797 942; x_wconf 75' lang='lat' dir='ltr'>socium</span> <span class='ocrx_word' id='word_1_117' title='bbox 824 907 858 941; x_wconf 87' lang='lat' dir='ltr'>in</span> <span class='ocrx_word' id='word_1_118' title='bbox 876 918 956 951; x_wconf 87' lang='lat' dir='ltr'>agro</span> <span class='ocrx_word' id='word_1_119' title='bbox 974 906 1119 940; x_wconf 87' lang='lat' dir='ltr'>hostium</span> <span class='ocrx_word' id='word_1_120' title='bbox 1138 918 1218 949; x_wconf 67' lang='lat' dir='ltr'>prec-</span> 
     </span>
     <span class='ocr_line' id='line_1_18' title="bbox 171 956 1219 1004; baseline -0.004 -9"><span class='ocrx_word' id='word_1_121' title='bbox 171 960 287 995; x_wconf 78' lang='lat' dir='ltr'>datum</span> <span class='ocrx_word' id='word_1_122' title='bbox 313 960 428 994; x_wconf 82' lang='lat' dir='ltr'>misit:</span> <span class='ocrx_word' id='word_1_123' title='bbox 454 971 511 994; x_wconf 87' lang='lat' dir='ltr'>eos</span> <span class='ocrx_word' id='word_1_124' title='bbox 536 959 640 994; x_wconf 87' lang='lat' dir='ltr'>effuse</span> <span class='ocrx_word' id='word_1_125' title='bbox 664 958 793 1004; x_wconf 81' lang='lat' dir='ltr'>palatos</span> <span class='ocrx_word' id='word_1_126' title='bbox 818 958 942 992; x_wconf 88' lang='lat' dir='ltr'>Hanno</span> <span class='ocrx_word' id='word_1_127' title='bbox 968 956 1104 992; x_wconf 87' lang='lat' dir='ltr'>adortus</span> <span class='ocrx_word' id='word_1_128' title='bbox 1130 956 1219 991; x_wconf 86' lang='lat' dir='ltr'>haud</span> 
     </span>
     <span class='ocr_line' id='line_1_19' title="bbox 170 1007 1219 1056; baseline -0.004 -10"><span class='ocrx_word' id='word_1_129' title='bbox 170 1011 277 1046; x_wconf 87' lang='lat' dir='ltr'>multo</span> <span class='ocrx_word' id='word_1_130' title='bbox 301 1011 471 1051; x_wconf 86' lang='lat' dir='ltr'>minorem,</span> <span class='ocrx_word' id='word_1_131' title='bbox 491 1023 589 1056; x_wconf 84' lang='lat' dir='ltr'>quam</span> <span class='ocrx_word' id='word_1_132' title='bbox 613 1009 655 1044; x_wconf 87' lang='lat' dir='ltr'>ad</span> <span class='ocrx_word' id='word_1_133' title='bbox 685 1010 912 1044; x_wconf 83' lang='lat' dir='ltr'>Beneventum</span> <span class='ocrx_word' id='word_1_134' title='bbox 937 1012 1121 1054; x_wconf 82' lang='lat' dir='ltr'>acceperat,</span> <span class='ocrx_word' id='word_1_135' title='bbox 1144 1007 1219 1042; x_wconf 87' lang='lat' dir='ltr'>red-</span> 
     </span>
     <span class='ocr_line' id='line_1_20' title="bbox 170 1060 1219 1107; baseline -0.004 -10"><span class='ocrx_word' id='word_1_136' title='bbox 170 1063 255 1097; x_wconf 86' lang='lat' dir='ltr'>didit</span> <span class='ocrx_word' id='word_1_137' title='bbox 272 1062 362 1097; x_wconf 88' lang='lat' dir='ltr'>hosti</span> <span class='ocrx_word' id='word_1_138' title='bbox 387 1061 523 1102; x_wconf 87' lang='lat' dir='ltr'>cladem,</span> <span class='ocrx_word' id='word_1_139' title='bbox 542 1064 642 1107; x_wconf 87' lang='lat' dir='ltr'>atquc</span> <span class='ocrx_word' id='word_1_140' title='bbox 667 1062 701 1096; x_wconf 90' lang='lat' dir='ltr'>in</span> <span class='ocrx_word' id='word_1_141' title='bbox 724 1060 878 1096; x_wconf 88' lang='lat' dir='ltr'>Bruttios</span> <span class='ocrx_word' id='word_1_142' title='bbox 901 1060 1033 1104; x_wconf 86' lang='lat' dir='ltr'>raptim,</span> <span class='ocrx_word' id='word_1_143' title='bbox 1053 1072 1095 1094; x_wconf 91' lang='lat' dir='ltr'>ne</span> <span class='ocrx_word' id='word_1_144' title='bbox 1118 1060 1219 1094; x_wconf 81' lang='lat' dir='ltr'>Grac-</span> 
     </span>
    </p>

    <p class='ocr_par' dir='ltr' id='par_1_6' title="bbox 137 1111 1220 1263">
     <span class='ocr_line' id='line_1_21' title="bbox 137 1111 1220 1160; baseline -0.004 -11"><span class='ocrx_word' id='word_1_145' title='bbox 137 1125 156 1154; x_wconf 83' lang='lat'><strong>2</strong></span> <span class='ocrx_word' id='word_1_146' title='bbox 170 1114 252 1149; x_wconf 88' lang='lat' dir='ltr'>chus</span> <span class='ocrx_word' id='word_1_147' title='bbox 271 1113 519 1160; x_wconf 81' lang='lat' dir='ltr'>adsequeretur,</span> <span class='ocrx_word' id='word_1_148' title='bbox 535 1113 709 1148; x_wconf 86' lang='lat' dir='ltr'>concessit.</span> <span class='ocrx_word' id='word_1_149' title='bbox 753 1111 914 1146; x_wconf 82' lang='lat' dir='ltr'>Consules</span> <span class='ocrx_word' id='word_1_150' title='bbox 932 1111 1111 1146; x_wconf 81' lang='lat' dir='ltr'>Marcellus</span> <span class='ocrx_word' id='word_1_151' title='bbox 1128 1114 1220 1146; x_wconf 87' lang='lat' dir='ltr'>retro</span> 
     </span>
     <span class='ocr_line' id='line_1_22' title="bbox 169 1161 1220 1207; baseline -0.004 -7"><span class='ocrx_word' id='word_1_152' title='bbox 169 1165 258 1200; x_wconf 88' lang='lat' dir='ltr'>unde</span> <span class='ocrx_word' id='word_1_153' title='bbox 291 1168 428 1200; x_wconf 83' lang='lat' dir='ltr'>venerat</span> <span class='ocrx_word' id='word_1_154' title='bbox 462 1164 585 1199; x_wconf 84' lang='lat' dir='ltr'>Nolam</span> <span class='ocrx_word' id='word_1_155' title='bbox 618 1164 715 1207; x_wconf 80' lang='lat' dir='ltr'>redit,</span> <span class='ocrx_word' id='word_1_156' title='bbox 748 1163 872 1198; x_wconf 82' lang='lat' dir='ltr'>Fabius</span> <span class='ocrx_word' id='word_1_157' title='bbox 905 1162 939 1197; x_wconf 89' lang='lat' dir='ltr'>in</span> <span class='ocrx_word' id='word_1_158' title='bbox 972 1162 1138 1197; x_wconf 82' lang='lat' dir='ltr'>Samnites</span> <span class='ocrx_word' id='word_1_159' title='bbox 1178 1161 1220 1196; x_wconf 83' lang='lat' dir='ltr'>ad</span> 
     </span>
     <span class='ocr_line' id='line_1_23' title="bbox 168 1213 1219 1263; baseline -0.004 -12"><span class='ocrx_word' id='word_1_160' title='bbox 168 1216 376 1263; x_wconf 85' lang='lat' dir='ltr'>populandos</span> <span class='ocrx_word' id='word_1_161' title='bbox 395 1228 492 1261; x_wconf 87' lang='lat' dir='ltr'>agros</span> <span class='ocrx_word' id='word_1_162' title='bbox 516 1215 789 1261; x_wconf 82' lang='lat' dir='ltr'>recipiendasque</span> <span class='ocrx_word' id='word_1_163' title='bbox 813 1214 912 1249; x_wconf 83' lang='lat' dir='ltr'>armis</span> <span class='ocrx_word' id='word_1_164' title='bbox 938 1226 1010 1259; x_wconf 82' lang='lat' dir='ltr'>quae</span> <span class='ocrx_word' id='word_1_165' title='bbox 1028 1213 1219 1248; x_wconf 84' lang='lat' dir='ltr'>defecerant</span> 
     </span>
    </p>

    <p class='ocr_par' dir='ltr' id='par_1_7' title="bbox 136 1266 1221 1675">
     <span class='ocr_line' id='line_1_24' title="bbox 136 1266 1218 1314; baseline -0.005 -9"><span class='ocrx_word' id='word_1_166' title='bbox 136 1277 155 1307; x_wconf 89' lang='lat'><strong>3</strong></span> <span class='ocrx_word' id='word_1_167' title='bbox 169 1270 268 1305; x_wconf 87' lang='lat' dir='ltr'>urbes</span> <span class='ocrx_word' id='word_1_168' title='bbox 287 1270 460 1314; x_wconf 84' lang='lat' dir='ltr'>processit.</span> <span class='ocrx_word' id='word_1_169' title='bbox 511 1268 685 1303; x_wconf 83' lang='lat' dir='ltr'>Caudinus</span> <span class='ocrx_word' id='word_1_170' title='bbox 704 1267 834 1302; x_wconf 83' lang='lat' dir='ltr'>Samnis</span> <span class='ocrx_word' id='word_1_171' title='bbox 851 1267 985 1312; x_wconf 75' lang='lat' dir='ltr'>gravius</span> <span class='ocrx_word' id='word_1_172' title='bbox 1003 1266 1218 1301; x_wconf 82' lang='lat' dir='ltr'>devastatus:</span> 
     </span>
     <span class='ocr_line' id='line_1_25' title="bbox 169 1319 1218 1367; baseline -0.004 -12"><span class='ocrx_word' id='word_1_173' title='bbox 169 1321 299 1367; x_wconf 90' lang='lat' dir='ltr'>perusti</span> <span class='ocrx_word' id='word_1_174' title='bbox 321 1321 387 1355; x_wconf 85' lang='lat' dir='ltr'>late</span> <span class='ocrx_word' id='word_1_175' title='bbox 412 1319 494 1366; x_wconf 84' lang='lat' dir='ltr'>agri,</span> <span class='ocrx_word' id='word_1_176' title='bbox 521 1319 641 1364; x_wconf 57' lang='lat' dir='ltr'>praedae</span> <span class='ocrx_word' id='word_1_177' title='bbox 667 1319 831 1365; x_wconf 87' lang='lat' dir='ltr'>pecudum</span> <span class='ocrx_word' id='word_1_178' title='bbox 859 1319 1096 1363; x_wconf 87' lang='lat' dir='ltr'>hominumque</span> <span class='ocrx_word' id='word_1_179' title='bbox 1125 1325 1218 1358; x_wconf 77' lang='lat' dir='ltr'>actae,</span> 
     </span>
     <span class='ocr_line' id='line_1_26' title="bbox 168 1368 1220 1418; baseline -0.004 -11"><span class='ocrx_word' id='word_1_180' title='bbox 168 1373 291 1418; x_wconf 85' lang='lat' dir='ltr'>oppida</span> <span class='ocrx_word' id='word_1_181' title='bbox 323 1372 356 1407; x_wconf 88' lang='lat' dir='ltr'>vi</span> <span class='ocrx_word' id='word_1_182' title='bbox 389 1376 488 1417; x_wconf 84' lang='lat' dir='ltr'>capta</span> <span class='ocrx_word' id='word_1_183' title='bbox 520 1371 751 1415; x_wconf 85' lang='lat' dir='ltr'>Compulteria</span> <span class='ocrx_word' id='word_1_184' title='bbox 789 1370 919 1405; x_wconf 84' lang='lat' dir='ltr'>Telesia</span> <span class='ocrx_word' id='word_1_185' title='bbox 952 1370 1106 1413; x_wconf 86' lang='lat' dir='ltr'>Compsa,</span> <span class='ocrx_word' id='word_1_186' title='bbox 1141 1368 1220 1403; x_wconf 90' lang='lat' dir='ltr'>inde</span> 
     </span>
     <span class='ocr_line' id='line_1_27' title="bbox 168 1420 1221 1468; baseline -0.004 -9"><span class='ocrx_word' id='word_1_187' title='bbox 168 1424 336 1468; x_wconf 67' lang='lat' dir='ltr'>Fugifulae</span> <span class='ocrx_word' id='word_1_188' title='bbox 369 1426 403 1458; x_wconf 89' lang='lat' dir='ltr'>ct</span> <span class='ocrx_word' id='word_1_189' title='bbox 436 1423 668 1458; x_wconf 84' lang='lat' dir='ltr'>Orbitanium:</span> <span class='ocrx_word' id='word_1_190' title='bbox 700 1434 740 1457; x_wconf 84' lang='lat' dir='ltr'>ex</span> <span class='ocrx_word' id='word_1_191' title='bbox 773 1421 919 1456; x_wconf 82' lang='lat' dir='ltr'>Lucanis</span> <span class='ocrx_word' id='word_1_192' title='bbox 948 1420 1096 1463; x_wconf 72' lang='lat' dir='ltr'>Blandae,</span> <span class='ocrx_word' id='word_1_193' title='bbox 1127 1422 1221 1465; x_wconf 87' lang='lat' dir='ltr'>Apu-</span> 
     </span>
     <span class='ocr_line' id='line_1_28' title="bbox 168 1471 1218 1520; baseline -0.004 -10"><span class='ocrx_word' id='word_1_194' title='bbox 168 1475 274 1511; x_wconf 85' lang='lat' dir='ltr'>lorum</span> <span class='ocrx_word' id='word_1_195' title='bbox 294 1476 386 1510; x_wconf 76' lang='lat' dir='ltr'>AEcae</span> <span class='ocrx_word' id='word_1_196' title='bbox 403 1477 627 1520; x_wconf 66' lang='lat' dir='ltr'>oppugnatae:</span> <span class='ocrx_word' id='word_1_197' title='bbox 653 1473 755 1508; x_wconf 86' lang='lat' dir='ltr'>millia</span> <span class='ocrx_word' id='word_1_198' title='bbox 779 1473 926 1508; x_wconf 88' lang='lat' dir='ltr'>hostium</span> <span class='ocrx_word' id='word_1_199' title='bbox 950 1472 985 1506; x_wconf 89' lang='lat' dir='ltr'>in</span> <span class='ocrx_word' id='word_1_200' title='bbox 1006 1472 1057 1507; x_wconf 90' lang='lat' dir='ltr'>his</span> <span class='ocrx_word' id='word_1_201' title='bbox 1079 1471 1218 1506; x_wconf 89' lang='lat' dir='ltr'>urbibus</span> 
     </span>
     <span class='ocr_line' id='line_1_29' title="bbox 168 1523 1220 1573; baseline -0.005 -11"><span class='ocrx_word' id='word_1_202' title='bbox 168 1527 291 1573; x_wconf 79' lang='lat' dir='ltr'>viginti</span> <span class='ocrx_word' id='word_1_203' title='bbox 320 1527 467 1572; x_wconf 88' lang='lat' dir='ltr'>quinque</span> <span class='ocrx_word' id='word_1_204' title='bbox 494 1528 593 1571; x_wconf 80' lang='lat' dir='ltr'>capta</span> <span class='ocrx_word' id='word_1_205' title='bbox 620 1528 679 1560; x_wconf 85' lang='lat' dir='ltr'>aut</span> <span class='ocrx_word' id='word_1_206' title='bbox 706 1525 814 1559; x_wconf 84' lang='lat' dir='ltr'>occisa</span> <span class='ocrx_word' id='word_1_207' title='bbox 841 1529 875 1559; x_wconf 91' lang='lat' dir='ltr'>et</span> <span class='ocrx_word' id='word_1_208' title='bbox 907 1524 1037 1569; x_wconf 86' lang='lat' dir='ltr'>recepti</span> <span class='ocrx_word' id='word_1_209' title='bbox 1069 1523 1220 1568; x_wconf 82' lang='lat' dir='ltr'>perfugae</span> 
     </span>
     <span class='ocr_line' id='line_1_30' title="bbox 167 1575 1220 1623; baseline -0.005 -9"><span class='ocrx_word' id='word_1_210' title='bbox 167 1578 311 1614; x_wconf 83' lang='lat' dir='ltr'>trecenti</span> <span class='ocrx_word' id='word_1_211' title='bbox 329 1577 556 1623; x_wconf 82' lang='lat' dir='ltr'>septuaginta,</span> <span class='ocrx_word' id='word_1_212' title='bbox 574 1589 657 1622; x_wconf 92' lang='lat' dir='ltr'>quos</span> <span class='ocrx_word' id='word_1_213' title='bbox 679 1589 781 1622; x_wconf 91' lang='lat' dir='ltr'>quum</span> <span class='ocrx_word' id='word_1_214' title='bbox 805 1576 948 1611; x_wconf 83' lang='lat' dir='ltr'>Romam</span> <span class='ocrx_word' id='word_1_215' title='bbox 973 1575 1118 1610; x_wconf 88' lang='lat' dir='ltr'>misisset</span> <span class='ocrx_word' id='word_1_216' title='bbox 1142 1587 1220 1609; x_wconf 86' lang='lat' dir='ltr'>con-</span> 
     </span>
     <span class='ocr_line' id='line_1_31' title="bbox 168 1625 1218 1675; baseline -0.005 -10"><span class='ocrx_word' id='word_1_217' title='bbox 168 1629 231 1673; x_wconf 77' lang='lat' dir='ltr'>sul,</span> <span class='ocrx_word' id='word_1_218' title='bbox 257 1629 361 1675; x_wconf 84' lang='lat' dir='ltr'>virgis</span> <span class='ocrx_word' id='word_1_219' title='bbox 386 1629 421 1664; x_wconf 90' lang='lat' dir='ltr'>in</span> <span class='ocrx_word' id='word_1_220' title='bbox 446 1628 582 1664; x_wconf 78' lang='lat' dir='ltr'>cornilio</span> <span class='ocrx_word' id='word_1_221' title='bbox 606 1628 684 1664; x_wconf 87' lang='lat' dir='ltr'>caesi</span> <span class='ocrx_word' id='word_1_222' title='bbox 708 1634 822 1662; x_wconf 87' lang='lat' dir='ltr'>omnes</span> <span class='ocrx_word' id='word_1_223' title='bbox 847 1639 884 1662; x_wconf 87' lang='lat' dir='ltr'>ac</span> <span class='ocrx_word' id='word_1_224' title='bbox 909 1626 950 1662; x_wconf 90' lang='lat' dir='ltr'>de</span> <span class='ocrx_word' id='word_1_225' title='bbox 976 1638 1054 1661; x_wconf 82' lang='lat' dir='ltr'>saxo</span> <span class='ocrx_word' id='word_1_226' title='bbox 1085 1625 1218 1670; x_wconf 86' lang='lat' dir='ltr'>dejecti.</span> 
     </span>
    </p>

    <p class='ocr_par' dir='ltr' id='par_1_8' title="bbox 102 1677 1222 1779">
     <span class='ocr_line' id='line_1_32' title="bbox 102 1677 1220 1727; baseline -0.005 -10"><span class='ocrx_word' id='word_1_227' title='bbox 102 1691 154 1727; x_wconf 79' lang='lat'>4‚5</span> <span class='ocrx_word' id='word_1_228' title='bbox 170 1682 254 1717; x_wconf 79' lang='lat' dir='ltr'>Haec</span> <span class='ocrx_word' id='word_1_229' title='bbox 271 1694 290 1716; x_wconf 86' lang='lat' dir='ltr'>a</span> <span class='ocrx_word' id='word_1_230' title='bbox 308 1682 346 1724; x_wconf 84' lang='lat' dir='ltr'>Q.</span> <span class='ocrx_word' id='word_1_231' title='bbox 365 1680 469 1716; x_wconf 76' lang='lat' dir='ltr'>Fabio</span> <span class='ocrx_word' id='word_1_232' title='bbox 486 1681 575 1715; x_wconf 86' lang='lat' dir='ltr'>intra</span> <span class='ocrx_word' id='word_1_233' title='bbox 592 1692 714 1726; x_wconf 86' lang='lat' dir='ltr'>paucos</span> <span class='ocrx_word' id='word_1_234' title='bbox 733 1679 802 1714; x_wconf 88' lang='lat' dir='ltr'>dics</span> <span class='ocrx_word' id='word_1_235' title='bbox 820 1681 927 1724; x_wconf 86' lang='lat' dir='ltr'>gesta.</span> <span class='ocrx_word' id='word_1_236' title='bbox 963 1677 1161 1713; x_wconf 86' lang='lat' dir='ltr'>Marcellum</span> <span class='ocrx_word' id='word_1_237' title='bbox 1180 1677 1220 1712; x_wconf 87' lang='lat' dir='ltr'>ab</span> 
     </span>
     <span class='ocr_line' id='line_1_33' title="bbox 135 1729 1222 1779; baseline -0.006 -10"><span class='ocrx_word' id='word_1_238' title='bbox 135 1742 155 1772; x_wconf 91' lang='lat'><strong>6</strong></span> <span class='ocrx_word' id='word_1_239' title='bbox 169 1732 328 1779; x_wconf 83' lang='lat' dir='ltr'>gerundis</span> <span class='ocrx_word' id='word_1_240' title='bbox 354 1732 454 1768; x_wconf 89' lang='lat' dir='ltr'>rebus</span> <span class='ocrx_word' id='word_1_241' title='bbox 478 1731 636 1768; x_wconf 86' lang='lat' dir='ltr'>valetudo</span> <span class='ocrx_word' id='word_1_242' title='bbox 661 1731 804 1766; x_wconf 83' lang='lat' dir='ltr'>adversa</span> <span class='ocrx_word' id='word_1_243' title='bbox 829 1730 926 1766; x_wconf 85' lang='lat' dir='ltr'>Nolae</span> <span class='ocrx_word' id='word_1_244' title='bbox 958 1730 1079 1765; x_wconf 90' lang='lat' dir='ltr'>tenuit.</span> <span class='ocrx_word' id='word_1_245' title='bbox 1128 1729 1174 1764; x_wconf 82' lang='lat' dir='ltr'>Et</span> <span class='ocrx_word' id='word_1_246' title='bbox 1203 1741 1222 1763; x_wconf 83' lang='lat' dir='ltr'>a</span> 
     </span>
    </p>
   </div>
   <div class='ocr_carea' id='block_1_3' title="bbox 1272 0 1298 1766">
    <p class='ocr_par' dir='ltr' id='par_1_9' title="bbox 1272 0 1298 1766">
     <span class='ocr_line' id='line_1_34' title="bbox 1272 0 1298 1766; baseline 0 0"><span class='ocrx_word' id='word_1_247' title='bbox 1272 0 1298 1766; x_wconf 95' lang='lat' dir='ltr'> </span> 
     </span>
    </p>
   </div>
  </div>
 </body>
</html>
