1298 1921
170 34 212 63 46
423 33 459 63 T.
484 33 602 63 LIVII
630 33 962 65 HISTORIARUM

170 108 268 151 eujus
300 118 437 141 suornm
470 107 680 153 popularium
711 110 873 143 mutatam
902 120 1015 143 secum
1046 75 1216 144 1231:thsser

171 170 244 192 esse
262 157 403 192 vellent:
431 159 535 193 servis
557 171 689 204 quoque
712 159 862 194 dominos
885 160 1098 206 prosequutis
1120 160 1217 196 liber-

172 211 276 243 tatem
305 209 462 254 proponit
488 209 632 254 binaque
657 223 716 256 pro
745 211 796 245 his
822 210 984 256 mancipia
1009 210 1149 246 dominis
1182 223 1217 246 se

142 259 390 294 3redditurum.
440 260 555 305 anue
577 264 615 295 ut
638 264 711 296 rata
733 262 856 297 scirent
882 262 961 304 fore,
986 274 1110 306 agnum
1136 262 1219 297 laeva

172 323 273 345 manu
297 310 438 346 dextera
463 311 588 346 silicem
613 313 770 355 retinens,
797 313 826 348 si
850 313 989 354 falleret,
1015 313 1134 347 Jovem
1159 325 1218 347 cae-

171 365 329 408 terosque
346 366 500 408 precatus
518 363 607 405 deos,
626 364 674 398 ita
690 377 724 399 se
742 367 924 399 mactarent
942 363 1219 409 quemadmodum

173 414 244 459 ipse
260 427 384 460 agnum
402 418 591 457 mactasset,
608 418 641 449 et
665 415 848 450 secundum
871 415 1092 461 precationem
1118 417 1219 460 caput

144 465 310 511 4pecudis
328 478 406 500 saxo
425 465 521 500 elisit.
571 466 655 501 Tum
678 479 756 501 vero
780 466 1032 501 omnes—velut
1057 466 1120 501 diis
1145 478 1219 500 auc-

175 516 304 552 toribus
322 516 356 551 in
373 529 465 561 spem
486 529 579 551 suam
604 518 744 563 quisque
765 516 990 562 acceptis—id
1015 529 1114 552 morae
1132 516 1220 562 quod

177 567 325 602 nondum
350 571 537 613 pugnarent
562 567 604 602 ad
628 568 785 614 potienda
809 571 942 613 sperata
965 567 1040 611 rati,
1069 567 1219 613 proelium

85 623 169 663 (46)
180 632 246 654 uno
264 619 372 653 animo
389 622 423 653 et
441 631 520 654 voce
538 631 605 653 una
621 622 773 664 poscunt.
816 619 917 664 Apud
931 619 1099 653 Romanos
1117 618 1220 652 haud-

180 683 345 716 quaquam
370 673 465 705 tanta
489 670 639 705 alacritas
665 674 736 705 erat
761 683 861 715 super
885 674 1007 705 caetera
1030 670 1219 704 recentibus

177 722 275 756 etiam
295 722 430 756 territos
449 722 628 767 prodigiis:
655 735 728 756 nam
749 726 782 756 et
799 722 897 767 lupus
911 722 1092 756 intraverat
1110 725 1221 756 castra

175 772 373 819 laniatisque
406 773 510 808 obviis
543 773 613 819 ipse
645 773 791 808 intactus
824 776 985 813 evaserat,
1017 781 1051 807 et
1080 785 1220 807 examen

145 835 164 864 2
177 836 276 869 apum
297 825 331 859 in
355 824 471 859 arbore
496 825 650 869 praetorio
671 824 864 859 imminente
884 823 1089 859 consederat.
1138 823 1220 861 Qui-

176 875 238 911 bus
272 876 457 920 procuratis
488 876 598 921 Scipio
632 887 707 910 cum
737 876 889 921 equitatu
915 874 1220 921 jaculatoribusque

177 927 341 973 expeditis
358 927 528 972 profectus
547 926 587 961 ad
604 930 714 961 castra
734 927 881 961 hostium
904 939 1010 972 exque
1034 927 1220 972 propinquo

177 979 298 1024 copias,
328 982 460 1024 quantae
488 985 522 1013 et·
551 978 646 1024 cujus
675 978 805 1024 generis
838 981 959 1019 essent,
992 977 1218 1022 speculandas,

176 1029 294 1064 obvius
325 1029 364 1064 fit
396 1029 577 1064 Hannibali
602 1032 636 1064 ct
660 1030 724 1075 ipsi
748 1041 823 1064 cum
848 1028 1015 1074 equitibus
1041 1028 1080 1062 ad
1110 1028 1220 1073 explo-

145 1092 163 1120 3
176 1080 280 1115 randa
301 1081 388 1116 circa
411 1080 483 1115 loca
504 1093 691 1126 progresso.
742 1080 866 1115 Neutri
888 1080 1009 1114 alteros
1030 1080 1135 1125 primo
1152 1092 1221 1114 cer-

176 1132 310 1174 nebant,
345 1131 478 1166 densior
510 1131 627 1166 deinde
665 1132 798 1166 incessu
830 1134 882 1166 tot
914 1131 1083 1165 hominum
1117 1143 1219 1176 equo-

176 1195 316 1230 rumque
334 1183 442 1217 oriens
466 1182 575 1228 pulvis
600 1183 731 1228 signum
757 1182 1049 1228 propinquantium
1075 1182 1221 1216 hostium

144 1235 252 1270 4fuit.
302 1234 465 1269 Consistit
493 1237 673 1280 utrumque
702 1246 820 1279 agmen
845 1238 880 1268 et
904 1233 945 1267 ad
973 1233 1123 1279 proelium
1149 1245 1221 1268 sese

176 1285 418 1332 expediebant:
447 1285 556 1331 Scipio
578 1285 781 1330 jaculatores
814 1288 848 1319 et
882 1284 993 1319 Gallos
1026 1284 1154 1329 equites
1188 1284 1223 1318 in

175 1337 286 1372 fronte
310 1337 408 1378 locat,
435 1336 604 1371 Romanos
631 1336 860 1381 sociorumque
893 1335 980 1381 quod
1006 1335 1132 1370 roboris
1158 1335 1222 1369 fuit

177 1389 212 1423 in
245 1387 423 1423 subsidiis:
468 1387 638 1421 Hannibal
671 1387 817 1422 frenatos
849 1387 979 1432 equites
1012 1386 1045 1420 in
1077 1385 1222 1420 medium

145 1450 163 1478 5
179 1439 307 1485 accipit,
327 1451 451 1473 cornua
475 1438 629 1473 Numidis
649 1438 766 1472 firmat.
815 1437 962 1472 Vixdum
984 1437 1125 1472 clamore
1144 1436 1222 1471 sub-

176 1490 245 1525 lato
275 1489 475 1535 jaculatores
501 1490 660 1535 fugerunt
693 1489 781 1524 inter
805 1488 952 1523 subsidia
980 1488 1020 1522 ad
1045 1488 1222 1522 secundam

178 1542 300 1576 aciem:
337 1541 413 1575 inde
445 1541 595 1585 equitum
629 1544 797 1575 certamen
829 1543 900 1574 erat
933 1539 1133 1584 aliquamdiu
1166 1551 1222 1573 an-

178 1605 275 1637 ceps:
313 1591 397 1632 dein,
427 1592 504 1636 quia
532 1591 712 1626 turbabant
739 1604 842 1637 equos
870 1590 1000 1635 pedites
1026 1589 1222 1631 intermixti,

179 1643 294 1678 multis
318 1642 506 1677 labentibus
532 1655 573 1677 ex
601 1643 695 1687 equis
720 1646 778 1677 aut
807 1641 1034 1676 desilientibus
1059 1640 1117 1675 ubi
1145 1653 1222 1675 suos

180 1695 283 1740 premi
305 1695 548 1729 circumventos
573 1693 745 1735 vidissent,
767 1693 833 1739 jam
857 1705 977 1738 magna
1001 1704 1044 1726 ex
1067 1694 1161 1736 parte
1183 1691 1223 1726 ad

179 1745 282 1792 pedes
310 1757 423 1792 pugna
451 1745 566 1787 iverat,
595 1744 699 1779 donec
726 1744 891 1788 Numidae,
919 1743 975 1790 qui
1003 1743 1038 1778 in
1069 1742 1224 1778 cornibus
