1298 1921
383 51 472 82 LIB.
499 51 596 81 XXI.
619 53 758 83 55—57.
1057 53 1099 84 57

51 93 84 117 A.
98 92 126 116 o.
142 91 212 125 218]

51 125 242 160 fodiebant:
268 124 539 172 trepidantesque
568 129 601 161 et
628 138 730 172 prope
754 128 824 171 jam
856 122 891 161 in
919 138 997 161 suos
1024 137 1099 161 con·
1112 125 1195 169 (56)

51 180 217 210 sternatos
241 175 350 210 media
372 177 441 211 acie
466 177 499 212 in
524 180 707 212 extremam
729 177 771 212 ad
795 177 970 212 sinistrum
996 189 1101 212 cornu

51 226 209 262 adversus
236 227 347 262 Gallos
373 228 547 263 auxiliares
573 228 627 275 agi
646 229 748 274 jussit
773 228 968 263 Hannibal:
994 228 1019 263 ii
1043 240 1101 263 ex-

51 277 176 323 templo
203 278 291 313 haud
317 278 450 314 dubiam
476 279 584 314 secere
610 279 734 326 fugam,
764 292 830 325 quo
857 292 963 314 novus
992 285 1102 314 terror

52 328 185 364 additus
203 330 374 373 Romanis,
391 334 431 366 nt
449 331 523 366 fusa
543 331 668 366 auxilia
684 343 745 366 sna
760 331 929 366 viderunt.
978 330 1101 376 Itaque
1114 335 1141 365 2⁷

52 393 155 426 quum
183 381 253 426 jam
284 382 320 417 in
351 382 465 417 orbem
497 385 696 428 pugnarent,
725 381 839 417 decem
867 382 970 416 millia
997 381 1102 417 ferme

52 431 232 473 hominum,
248 445 350 478 quum
367 434 430 468 alia
446 433 585 468 evadere
600 433 802 479 nequissent,
816 433 926 468 media
942 433 1102 467 Afrorum

0 515 1 527 ¹
53 483 132 525 acie,
165 496 238 529 quae
271 484 405 520 Gallicis
438 485 571 519 auxiliis
599 485 731 519 firmata
759 487 840 526 erat,
869 496 944 519 cuin
973 484 1105 530 ingenti

53 533 142 569 caede
174 535 320 570 hostium
354 548 553 581 perrupere:
588 539 622 570 et
656 549 759 582 quum
792 548 900 581 neque
932 535 967 570 in
994 539 1105 570 castra

52 585 181 620 reditus
199 591 287 621 esset
307 587 443 621 flumine
460 586 660 629 interclusis,
681 599 789 632 neque
814 599 882 633 prae
900 586 998 621 imbri
1021 586 1104 621 satis

53 636 230 672 decernere
257 641 393 683 possent
422 650 487 684 qua
515 638 584 672 suis
609 650 705 683 opem
735 638 871 680 ferrent,
898 637 1105 672 Placentiam

53 691 146 723 recto
163 688 281 723 itinere
299 701 484 734 perrexere.
536 689 653 724 Plures
671 689 788 724 deinde
805 690 841 724 in
858 701 974 724 omnes
992 692 1104 734 partes
1118 696 1137 724 3

53 740 246 785 eruptiones
269 740 374 782 factae,
394 744 428 775 et
450 740 506 786 qui
530 740 654 775 flumen
675 740 804 786 petiere
827 744 886 775 aut
912 739 1105 786 gurgitibus

54 790 225 836 absumpti
249 795 328 826 sunt
353 795 411 826 aut
435 792 523 826 inter
548 792 797 826 cunctationem
825 791 1035 837 ingrediendi
1064 790 1105 826 ab

53 842 207 877 hostibus
240 843 403 887 oppressi,
433 843 490 888 qui
517 843 644 888 passim
672 855 732 889 per
760 855 859 887 agros
888 842 970 887 fuga
1000 842 1107 887 sparsi

54 897 160 935 erant,
186 895 327 940 vestigia
353 894 502 929 cedentis
529 897 707 940 sequentes
731 894 872 940 agminis
901 894 1107 929 Placentiam

55 945 275 980 contendere:
302 946 373 981 aliis
397 946 499 980 timor
526 945 672 980 hostium
701 946 872 981 audaciam
897 944 1107 991 ingrediendi

54 997 178 1031 fiumen
196 997 275 1032 fecit
292 997 558 1043 transgressique
576 997 612 1032 in
628 1000 738 1032 castra
754 1000 991 1042 pervenerunt.
1041 996 1106 1031 Im·
1121 1004 1141 1033 4

54 1048 114 1083 ber
136 1048 212 1083 nive
236 1048 361 1083 mixtus
385 1051 419 1083 et
439 1047 647 1083 intoleranda
670 1049 720 1083 vis
744 1049 878 1094 frigoris
900 1052 934 1083 et
957 1048 1107 1083 homines

54 1099 178 1134 multos
196 1103 230 1134 et
244 1099 397 1144 jumenta
413 1102 446 1134 et
469 1099 664 1144 elephantos
687 1112 789 1145 prope
814 1111 929 1134 omnes
953 1099 1108 1144 absump-

55 1151 110 1186 sit.
159 1151 252 1186 Finis
275 1150 470 1197 insequendi
487 1151 593 1185 hostis
611 1151 723 1186 Poenis
740 1152 865 1186 flumen
886 1151 1008 1186 Trebia
1030 1150 1105 1192 fnit,
1122 1158 1141 1188 5

55 1205 90 1236 et
115 1201 163 1236 ita
186 1205 359 1247 torpentes
384 1202 462 1248 gelu
482 1202 517 1236 in
534 1205 644 1237 castra
660 1202 797 1244 rediere,
816 1205 855 1236 nt
877 1202 934 1236 vix
957 1201 1109 1237 laetitiam

54 1253 202 1288 victoriae
219 1253 383 1288 sentirent
399 1268 406 1288 z
432 1253 546 1298 itaque
569 1256 669 1288 nocte
685 1253 886 1299 insequenti,
905 1266 1007 1299 quum
1024 1265 1109 1299 prae-

55 1304 175 1339 sidium
205 1308 391 1339 castrorum
420 1307 454 1339 et
483 1305 575 1349 quod
600 1304 766 1350 reliquum
795 1317 837 1339 ex
865 1316 986 1350 magna
1012 1306 1108 1350 parte

54 1356 199 1391 militum
216 1359 287 1390 erat
305 1355 434 1390 ratibus
452 1355 604 1390 Trebiam
622 1356 826 1401 trajicerent,
845 1359 904 1390 aut
926 1355 1009 1390 nihil
1032 1368 1108 1390 sen-

56 1419 129 1442 sere
145 1407 360 1452 obstrepente
377 1406 489 1452 pluvia
505 1410 574 1448 aut,
594 1407 671 1453 quia
684 1407 753 1453 jam
777 1407 902 1442 moveri
924 1406 1110 1452 nequibant

55 1471 124 1504 prae
149 1458 346 1493 lassitudine
373 1470 411 1493 ae
438 1458 640 1500 vulneribus,
672 1459 796 1494 sentire
821 1471 894 1493 sese
919 1458 1110 1493 dissimula-

55 1513 148 1550 runt,
165 1509 354 1555 quietisque
376 1509 489 1544 Poenis
512 1510 616 1544 tacito
633 1510 765 1556 agmine
788 1509 828 1545 ab
855 1510 1009 1555 Scipione
1031 1521 1110 1544 con-

55 1561 128 1596 sule
160 1561 329 1596 exercitus
362 1561 567 1596 Placentiam
599 1565 651 1596 est
683 1561 877 1607 perductus,
905 1561 983 1596 inde
1016 1560 1109 1595 Pado

55 1615 218 1658 trajectus
247 1612 454 1654 Cremonam,
481 1624 524 1647 ne
556 1611 699 1647 duorum
724 1613 933 1648 exercituum
961 1611 1109 1647 hibernis

55 1676 124 1698 una
139 1663 268 1699 colonia
285 1667 504 1708 premeretur.

102 1715 245 1750 Romam
271 1717 386 1748 tantus
411 1719 520 1749 terror
539 1726 583 1749 ex
607 1714 668 1749 hac
693 1715 785 1750 clade
808 1715 957 1760 perlatus
983 1716 1045 1755 est,
1071 1715 1111 1748 nt
1122 1710 1202 1752 (57)

54 1765 124 1812 jam
146 1765 188 1800 acl
210 1765 327 1800 urbem
349 1766 536 1800 Romanam
558 1765 733 1801 crederent
755 1767 889 1802 infestis
915 1766 1020 1812 signis
1037 1765 1112 1800 hos-
