1298 1921
164 34 222 62 168
407 32 443 63 T.
470 31 588 61 LIVII
615 30 948 62 HISTORIARUM
1048 72 1081 102 [A
1109 73 1130 96 C
1153 72 1200 96 ‘²16
1244 0 1261 132 Y
1289 74 1291 84 γ

126 110 147 139 4
160 118 198 140 eo
217 117 305 140 anno
322 105 461 150 placuit.
510 106 689 141 Exercitus
713 105 886 141 dictatoris
909 104 1035 140 consuli
1054 105 1209 140 decretus

160 161 230 192 est:
259 157 299 191 de
323 158 473 192 exercitu
490 158 539 192 M.
558 157 719 199 Marcelli,
739 158 795 202 qui
817 169 933 191 eorum
956 169 997 191 ex
1020 156 1102 202 fuga
1124 156 1211 190 Can-

159 211 255 242 ncnsi
276 212 398 250 essent,
418 209 452 243 in
471 209 615 243 Siciliam
641 221 696 243 eos
723 208 852 242 traduci
875 211 977 252 atque
1003 207 1048 242 ibi
1067 207 1210 242 militare

160 258 265 294 donec
291 259 326 293 in
355 260 456 294 Italia
488 260 609 295 bellum
640 262 729 294 esset
758 259 905 304 placuit:
943 258 1057 293 eodem
1088 271 1128 293 ex
1157 258 1207 293 M.

159 310 181 344 J
185 310 256 344 unii
273 309 446 345 dictatoris
464 311 650 357 legionibus
674 310 765 356 rejici
788 310 926 344 militem
949 310 1076 344 minimi
1097 322 1209 355 quem·

160 374 224 406 que
250 361 388 404 roboris,
408 362 499 397 nullo
525 362 716 408 praestituto
742 362 867 396 militine
890 364 1039 406 tempore
1062 361 1127 395 nisi
1152 362 1208 406 qui

160 413 402 457 stipendiorum
426 413 651 459 legitimorum
676 416 784 448 esset:
813 412 885 447 duze
910 412 1056 458 legiones
1074 412 1208 447 urbanae

158 463 254 498 alteri
272 464 410 508 consuli,
428 465 485 510 qui
503 465 537 499 in
554 465 661 499 locum
680 464 720 499 L.
739 464 906 499 Postumii
929 464 1089 498 suffectus
1107 467 1205 505 esset,

158 514 300 550 decretae
328 519 417 558 sunt,
449 529 591 562 eumque
622 529 723 561 quum
752 515 896 561 primum
925 515 1024 549 salvis
1053 515 1207 560 auspiciis

158 570 272 611 posset
302 567 407 602 creari
433 567 580 613 placuit:
607 567 754 613 legiones
780 570 902 610 praeter
931 578 969 600 ea
994 566 1075 600 duas
1101 566 1206 611 primo

159 630 290 663 quoque
312 621 463 664 tempore
486 631 529 653 ex
548 619 659 653 Sicilia.
683 618 782 652 acciri
805 621 904 663 atquc
928 617 1004 652 inde
1027 617 1205 658 consulem,

159 669 213 703 cui
238 669 385 714 legiones
412 669 547 704 urbanae
571 670 769 711 evenissent,
788 669 932 703 militum
954 681 1084 703 sumere
1107 681 1207 714 quan-

158 723 232 753 tum
257 732 341 765 opus
365 722 473 755 esset:
502 721 538 755 C.
558 721 715 755 Terentio
741 720 868 755 consuli
893 719 1069 765 propagari
1091 719 1125 753 in
1150 732 1207 753 an-

158 783 239 805 num
263 771 438 816 imperium
464 784 571 817 neque
597 772 637 806 de
663 784 701 806 eo
725 771 884 814 exercitii,
907 783 1005 816 quem
1028 769 1069 804 ad
1094 770 1207 815 praesi-

160 820 251 855 dium
269 822 400 867 Apuliae
417 822 565 865 haberet,
583 823 760 868 quicquam
778 822 892 856 minui.

63 868 150 913 (26)
206 872 296 907 Dum
323 873 392 908 haec
419 873 453 907 in
478 874 579 908 ltalia
603 876 768 919 geruntur
800 875 1078 918 apparanturque,
1104 872 1206 907 nihilo

158 924 294 969 segnius
327 924 361 958 in
391 925 558 970 Hispania
589 925 710 959 bellum
741 927 822 964 erat,
854 923 912 958 sed
940 923 981 958 ad
1014 936 1085 958 ean]
1118 924 1205 958 diem

123 980 142 1010 2
158 975 262 1020 magis
280 987 479 1021 prosperum
497 976 669 1010 Romanis.
703 976 740 1010 P.
756 979 790 1010 ct
809 975 869 1009 Cn.
890 975 1099 1020 Scipionibus
1116 975 1205 1010 inter

156 1038 191 1060 se
209 1027 343 1071 partitis
361 1027 482 1073 copiam,
499 1030 538 1062 ut
557 1028 678 1062 Cuneus
700 1030 792 1062 terra
809 1027 949 1061 Publius
972 1026 1112 1061 navibus
1134 1039 1203 1061 rem

154 1080 299 1123 gereret,
328 1078 520 1113 Hasdrubal
548 1080 726 1113 Poenorum
755 1078 947 1123 imperator,
977 1078 1089 1112 neutri
1118 1078 1205 1123 parti

157 1129 278 1163 virium
298 1130 380 1164 satis
403 1129 519 1173 fidens,
543 1130 658 1175 procul
683 1130 724 1165 ab
748 1130 845 1164 hoste
867 1129 1041 1164 intervallo
1063 1141 1100 1164 ac
1124 1129 1204 1164 locis

154 1182 251 1215 tutus
269 1180 405 1216 tenebat
423 1193 469 1220 se,
488 1181 595 1227 quoad
613 1181 756 1216 multum
778 1193 816 1216 ac
834 1181 891 1215 diu
909 1181 1091 1215 obtestanti
1110 1185 1205 1226 quat-

154 1233 233 1266 tuor
256 1232 358 1266 millia
381 1232 533 1277 peditum
560 1235 594 1267 et
611 1232 701 1267 mille
724 1232 853 1278 equites
878 1232 912 1266 in
935 1232 1201 1277 supplementum

122 1288 140 1315 3
156 1283 249 1317 missi
267 1295 307 1318 ex
325 1283 443 1318 Africa
460 1287 549 1318 sunt.
598 1284 684 1318 Tum
709 1284 836 1318 refecta
857 1283 989 1317 tandem
1015 1295 1072 1328 spe
1095 1286 1205 1317 castra

154 1334 292 1380 propius
310 1334 440 1369 hostem
464 1335 578 1379 movit,
596 1335 802 1380 classemque
826 1338 860 1370 et
878 1335 948 1380 ipse
970 1334 1092 1368 instrui
1110 1347 1203 1379 pai-a-

152 1385 248 1430 rique
267 1385 365 1431 jubet
389 1386 430 1420 ad
455 1386 580 1421 insulas
603 1386 869 1431 maritimamque
897 1398 989 1420 oram
1016 1385 1202 1420 tutandam.

121 1441 143 1470 4
155 1436 196 1471 [11
213 1436 288 1482 ipso
306 1437 434 1483 impetu
452 1437 688 1473 movendarum
714 1438 754 1472 de
777 1438 909 1483 integro
932 1450 1043 1472 rerum
1061 1437 1203 1483 perculit

152 1499 228 1522 euin
256 1488 490 1533 praefectorum
518 1489 652 1524 navium
681 1489 848 1532 transitio,
879 1489 935 1534 qui
962 1491 1038 1534 post
1064 1489 1200 1523 classem

151 1538 193 1573 ad
220 1539 387 1574 Hiberum
415 1553 474 1586 per
503 1553 659 1585 pavorem
685 1540 850 1575 desertam
876 1540 1023 1585 graviter
1047 1539 1201 1584 increpiti

152 1602 333 1636 numquam
351 1591 468 1626 deinde
495 1593 575 1627 satis
602 1591 659 1626 fidi
684 1595 742 1626 aut
766 1591 843 1626 duci
869 1594 926 1626 aut
950 1591 1201 1636 Carthaginien-

122 1645 140 1674 5
153 1641 239 1676 sium
257 1642 356 1677 rebus
379 1643 523 1678 fuerant.
573 1643 736 1678 Fecerant
761 1643 798 1677 hi
815 1642 1000 1687 transfugae
1022 1646 1149 1677 motum
1167 1643 1201 1677 in

152 1693 378 1728 Tartesiorum
402 1697 503 1739 gente
528 1695 804 1739 desciverantque
828 1694 868 1728 iis
891 1693 1083 1728 auctoribus
1101 1693 1200 1728 urbes

122 1743 289 1789 fialiquot‚
317 1757 384 1779 una
408 1746 508 1780 etiam
538 1745 578 1781 ab
604 1746 686 1790 ipsis
710 1745 741 1780 vi
768 1751 867 1790 capta
892 1745 1010 1779 suerat.
1064 1745 1103 1779 ln
1128 1757 1199 1780 eam
