1298 1921
406 196 551 233 ΤΙΤΙ
597 194 778 234 LIVII

125 296 237 354 AB
305 295 556 354 URBE
627 296 1070 355 CONDITA

310 406 892 447 HISTORIARUM.

526 536 664 544 .—

430 601 580 637 LIBER
602 601 736 637 XXIV.

533 691 659 698 .—

120 748 177 784 ΠΤ
205 760 248 784 ex
277 748 459 795 Campania
486 748 522 784 in
549 748 703 784 Bruttios
731 747 877 783 reditum
907 749 970 791 est,
998 747 1122 781 Hanno
1134 740 1183 787 (1)

74 800 284 845 adjutoribus
309 802 344 835 et
368 800 508 835 ducibus
536 799 693 842 Bruttiis,
725 799 858 835 Graecas
887 798 988 834 urbes
1012 801 1123 843 temp-

74 851 170 894 tavit,
195 863 234 886 eo
258 851 389 887 facilius
413 851 449 886 in
473 851 633 886 societate
654 854 827 886 manentes
852 850 1014 891 Romana,
1033 848 1122 895 quod

77 902 241 946 Bruttios,
264 915 347 949 quos
372 905 407 937 et
429 903 569 938 oderant
590 906 624 938 et
641 901 848 944 metuebant,
865 900 1123 948 Carthaginien-

75 954 161 989 sium
182 954 288 1000 partis
311 954 418 989 factos
441 953 630 989 cernebant.
683 953 828 1000 Regium
851 953 996 999 primum
1018 956 1153 997 temp-2

75 1008 185 1040 tatum
217 1008 269 1040 est
301 1005 436 1051 diesque
468 1005 596 1051 aliquot
626 1005 673 1041 ibi
705 1005 906 1051 nequiquam
940 1003 1122 1048 absumpti.

76 1056 218 1091 Interim
234 1056 421 1092 Locrenses
434 1056 640 1092 frumentum
653 1057 810 1103 lignaque
823 1059 857 1091 ct
874 1058 995 1091 caetera
1011 1066 1123 1089 neces·
1134 1062 1153 1091 3

76 1108 164 1142 saria
179 1107 294 1143 usibus
312 1120 353 1143 ex
369 1105 510 1154 agris'in
525 1107 642 1143 urbem
659 1120 786 1153 rapere,
806 1107 907 1142 etiam
925 1119 966 1141 ne
980 1105 1060 1152 quid
1073 1118 1124 1140 re-

75 1159 192 1194 lictum
208 1158 327 1205 praedae
349 1158 504 1194 hostibus
527 1163 626 1201 esset,
651 1162 685 1194 et
707 1159 743 1194 in
759 1158 829 1194 dies
847 1159 952 1203 major
969 1156 1123 1192 omnibus

75 1210 182 1256 portis
208 1209 389 1245 multitudo
415 1209 560 1245 effundi:
586 1213 758 1256 postremo
783 1210 808 1245 ii
831 1209 931 1244 modo
955 1208 1064 1244 relicti
1087 1208 1123 1243 in

75 1261 158 1297 urbe
182 1264 287 1303 erant,
313 1261 372 1307 qui
395 1262 530 1296 reficere
559 1274 673 1297 muros
706 1274 744 1297 ac
777 1264 890 1308 portas
921 1260 1055 1306 telaque
1087 1260 1124 1294 in

75 1313 327 1360 propugnacula
357 1325 536 1359 congerere
568 1312 784 1359 cogebantur.
849 1313 892 1347 ln
923 1311 1154 1358 permixtamq-

75 1365 223 1400 omnium
237 1364 384 1400 aetatium
402 1364 621 1410 ordinumque
634 1364 884 1400 multitudinem
898 1367 932 1399 et
945 1366 1124 1409 vagantem

75 1416 110 1451 in
143 1416 230 1462 agris
263 1428 382 1462 magna
411 1428 452 1451 ex
480 1419 575 1461 parte
607 1416 768 1451 inermem
797 1415 972 1451 Hamilcar
1000 1415 1124 1449 Poenus

76 1468 205 1513 equites
223 1467 345 1507 emisit,
365 1467 423 1513 qui
444 1466 560 1502 violari
582 1479 785 1513 quemquam
809 1466 907 1502 vetiti
928 1468 1062 1500 tantum
1085 1469 1125 1500 ut

76 1518 117 1554 ab
142 1519 224 1554 urbe
247 1518 464 1554 excluderent
487 1518 568 1565 fuga
592 1518 780 1564 dissipatos,
806 1521 936 1553 turmas
961 1517 1122 1563 objecere.

75 1571 158 1606 Dux
173 1571 245 1616 ipse
262 1570 334 1605 loco
350 1569 520 1616 superiore
536 1573 644 1616 capto,
662 1569 750 1605 unde
767 1581 866 1616 agros
883 1568 998 1604 urbem
1016 1568 1122 1615 possit
1135 1576 1153 1605 5

76 1622 276 1667 conspicere,
306 1621 521 1656 Bruttiorum
554 1621 725 1656 cohortem
758 1621 848 1657 adire
877 1633 990 1655 muros
1023 1623 1124 1666 atque

76 1685 214 1708 evocare
240 1672 406 1719 principes
431 1672 646 1708 Locrensium
673 1672 714 1708 ad
737 1672 938 1719 colloquium
959 1671 1062 1717 jussit
1089 1674 1124 1705 et

77 1724 273 1770 pollicentes
302 1723 482 1759 amicitiam
509 1723 710 1760 Hannibalis
738 1723 908 1760 adhortari
936 1723 978 1758 ad
1006 1722 1124 1758 urbem
