1298 1921
195 48 254 78 136
425 48 463 79 T.
490 48 578 80 LIV.
594 49 708 81 HIST.
737 49 825 79 LIB.
849 49 965 80 XXII.
983 51 1033 80 61.
1085 89 1121 123 [A
1144 91 1164 114 C
1187 91 1235 116 216

192 124 261 157 tres
286 119 422 168 insuper
446 122 574 168 legatos
597 123 737 164 venisse,
761 123 801 158 L.
821 123 1031 158 Scribonium
1054 127 1088 157 et
1112 124 1149 158 C.
1170 123 1245 158 Cal-

192 174 350 219 purnium
373 177 406 208 et
424 174 464 209 L.
484 174 668 208 Manlium:
696 177 768 208 tum
787 175 919 209 denium
938 175 977 209 ab
996 179 1139 219 cognato
1158 175 1244 209 Seri-
1279 198 1282 207 1

192 224 284 259 bonii
300 225 436 260 tribuno
454 224 558 271 plebis
576 225 616 260 de
638 225 838 260 redimendis
856 226 996 271 captivis
1014 225 1156 260 relatum
1173 238 1245 261 esse

192 287 255 311 neo
288 276 454 310 censuisse
487 275 694 311 redimendos
727 280 889 318 senatum,
918 280 952 311 et
984 288 1087 310 novos
1116 276 1245 322 legatos

193 329 263 361 tres
285 327 326 361 ad
352 327 577 362 Hannibalem
606 327 795 370 revertisse,
821 327 935 362 decem
961 330 1090 362 veteres
1116 340 1245 362 reman-

194 378 287 418 sisse,
301 377 389 423 quod
403 390 462 422 per
476 390 608 412 eausam
620 378 879 424 recognoscendi
894 379 1027 412 nomina
1038 378 1245 423 captivorum

194 429 236 463 ad
265 429 488 463 Hannibalem
516 441 557 463 ex
582 429 701 463 itinere
730 429 874 473 regressi
902 429 1062 475 religione
1089 442 1162 463 sese
1189 441 1245 463 ex-

195 480 393 515 solvissent:
428 480 468 515 de
493 480 533 514 iis
559 480 718 515 dedendis
744 492 865 525 magna
893 481 1107 515 contentione
1133 484 1244 515 actum

193 532 231 566 in
248 534 367 566 senatu
390 543 463 566 esse
480 531 654 576 victosque
671 532 784 576 paucis
809 532 986 566 sententiis
1004 531 1060 576 qui
1078 531 1244 565 dedendos

195 583 407 617 censuerint:
434 585 592 617 caeterum
611 583 768 628 proximis
786 582 978 617 censoribus
997 582 1077 617 adeo
1091 583 1244 617 omnibus

195 634 285 668 notis
313 634 570 679 ignominiisque
600 634 769 668 confectos
796 646 879 676 esse,
903 638 942 668 ut
972 633 1105 679 quidam
1130 646 1244 668 eorum

196 688 337 720 mortem
359 685 422 719 sibi
438 685 502 730 ipsi
519 685 685 729 extemplo
708 685 940 726 consciverint,
960 685 1072 720 caeteri
1088 697 1155 719 non
1172 685 1244 720 foro

196 736 300 770 solum
323 736 412 771 omni
435 736 553 771 deinde
578 736 647 770 vita
669 736 727 770 sed
753 748 854 782 prope
877 736 950 770 luce
974 748 1011 770 ac
1034 736 1168 781 publico
1192 748 1244 771 ca-
1286 764 1287 767 ,

167 788 332 822 6ruerint.
382 787 502 821 Mirari
524 788 630 833 magis
656 787 737 822 adeo
763 787 951 832 discrepare
975 787 1064 822 inter
1081 791 1244 830 auctores,

196 851 295 883 quam
313 837 392 884 quid
409 839 478 873 veri
496 838 539 873 sit
557 838 743 873 discernere
762 850 873 883 queas.

165 895 183 926 7
242 890 380 927 Quanto
398 892 511 924 autem
533 892 639 934 major
656 902 694 924 ea
716 889 825 924 clades
844 888 1070 934 superioribus
1094 888 1243 923 cladibus

194 941 306 982 fuerit,
325 940 377 975 vel
397 952 436 975 ea
458 953 510 974 res
533 939 655 974 indicio
678 940 732 981 sit,
759 939 847 984 quod
870 939 950 974 fides
975 940 1148 981 sociorum,
1171 952 1244 985 quae

195 991 329 1026 adeum
359 991 446 1025 diem
474 992 569 1025 firma
597 994 748 1031 steterat,
774 994 847 1025 tum
876 990 986 1025 labare
1015 990 1126 1036 coepit,
1153 990 1245 1025 nulla
1290 1020 1292 1030 ,,

194 1043 344 1088 profecto
358 1042 421 1077 alia
438 1042 478 1076 de
492 1054 527 1077 re
544 1054 643 1088 quam
661 1041 749 1088 quod
766 1041 1022 1087 desperaverant
1040 1041 1081 1076 de
1095 1042 1242 1087 imperio.

165 1094 357 1130 8Defecere
380 1096 492 1128 autem
515 1093 556 1128 ad
578 1093 699 1128 Poenos
722 1093 755 1127 hi
783 1093 904 1138 populi,
929 1093 1077 1127 Atellani
1102 1093 1245 1127 Calatini

196 1145 342 1191 Hirpini,
357 1145 543 1190 Apulorum
561 1157 647 1190 pars,
660 1144 825 1179 Samnites
840 1146 960 1189 praeter
977 1144 1131 1185 Pentros,
1144 1144 1244 1179 Brut·

194 1196 235 1231 tii
252 1208 375 1238 omnes,
395 1196 545 1230 Lucani:
572 1199 692 1240 praeter
710 1196 769 1230 hos
794 1195 980 1230 Surrentini
1000 1199 1034 1230 et
1055 1196 1245 1230 Graecorum
1294 1191 1295 1197 ¹

195 1247 302 1282 omnis
333 1248 436 1282 ferme
464 1259 531 1288 ora,
558 1247 729 1281 Tarentini
754 1247 981 1291 Metapontini
1007 1247 1244 1281 Crotonienses

166 1298 373 1344 9Locrique‚
406 1301 440 1333 et
473 1298 635 1343 Cisalpini
667 1310 781 1332 omnes
811 1298 904 1332 Galli.
953 1298 1034 1344 Nec,
1057 1301 1170 1332 tamen
1198 1311 1245 1332 eae

195 1349 304 1384 clades
323 1349 592 1395 defectionesque
613 1349 778 1384 sociorum
802 1352 978 1384 moverunt
1004 1352 1042 1383 nt
1067 1349 1157 1394 pacis
1176 1362 1244 1383 um-

195 1413 294 1446 quam
312 1401 436 1436 mentio
454 1401 543 1446 apud
562 1401 732 1436 Romanos
750 1401 854 1441 fieret,
873 1412 980 1443 neque
1004 1403 1081 1435 ante
1101 1401 1244 1435 consulis

197 1452 338 1487 Romam
356 1452 537 1487 adventum
553 1465 615 1487 nec
637 1456 814 1498 postquam
832 1452 860 1486 is
882 1451 981 1486 rediit
1006 1453 1244 1497 renovavitque

145 1504 386 1541 lomemoriam
404 1506 548 1549 acceptae
573 1503 685 1538 eladis.
735 1504 813 1541 Quo
834 1503 869 1537 in
891 1506 1040 1549 tempore
1064 1503 1138 1548 ipso
1161 1503 1244 1537 adeo

194 1567 315 1601 magno
333 1555 441 1590 animo
455 1555 572 1590 civitas
591 1555 655 1589 fuit
668 1557 707 1589 ut
725 1554 853 1590 consuli
866 1566 907 1589 ex
921 1557 1016 1588 tanta
1032 1554 1134 1596 clade,
1150 1554 1244 1599 cujus

194 1607 266 1651 ipse
284 1618 384 1641 cansa
401 1606 544 1640 maxima
560 1606 689 1645 fuisset,
708 1605 859 1641 redeunti
878 1608 912 1640 et
929 1605 1058 1640 obviam
1076 1606 1161 1640 itum
1180 1605 1244 1640 fre-

193 1660 335 1703 quenter
359 1657 399 1691 ab
426 1657 581 1692 omnibus
606 1657 777 1692 ordinibus
795 1658 840 1691 sit
863 1659 897 1691 et
914 1656 1031 1700 gratiae
1049 1660 1131 1691 actae
1155 1655 1244 1702 quod

194 1708 235 1743 de
252 1721 287 1743 re
305 1708 438 1753 publica
455 1721 521 1742 non
538 1708 747 1754 desperasset
761 1723 767 1742 :
795 1708 852 1753 qui
869 1707 897 1742 si
915 1707 1243 1753 Carthaginiensium

193 1759 313 1795 ductor
329 1759 460 1802 fuisset,
477 1759 558 1794 nihil
575 1759 796 1794 reeusandum
814 1758 967 1805 supplicii
985 1759 1083 1794 foret.
