1298 1921
146 31 208 61 202
388 30 423 60 T.
448 30 566 60 LIVII
592 29 925 61 HISTORIARUM
1025 72 1060 97 [Α
1085 72 1104 96 C
1126 72 1173 97 015

144 106 221 149 post
238 104 430 140 vastitatem
450 116 489 139 eo
511 103 597 140 bello
621 104 743 139 factam
759 104 815 139 vix
838 116 913 149 pars
936 103 1071 139 dimidia
1092 105 1184 139 habi-

144 155 300 190 tabatur:
334 155 466 197 flumen,
497 155 587 200 quod
614 155 721 190 medio
754 155 874 201 oppido
906 155 1059 197 fluxerat,
1089 160 1184 190 extra

144 206 331 252 frequentia
352 207 451 242 tectis
474 206 546 242 loca
562 206 817 252 praeterfluebat,
836 209 870 240 at
892 219 953 240 arx
975 210 1046 241 erat
1068 207 1184 252 procul

114 256 192 292 2eis
213 270 286 303 quae
310 257 557 292 habitabantur.
608 257 756 292 Sedecim
778 257 879 291 millia
899 256 1014 292 aberat
1039 257 1079 292 ab
1101 258 1183 292 urbe

145 308 253 343 nobile
271 309 551 355 templum—ipsa
572 309 654 344 urbe
675 311 747 344 erat
766 307 1100 343 nobihus-Laciniae
1122 309 1142 343 J
1147 322 1183 343 u-

112 363 129 391 3
144 360 249 402 nonis,
274 364 426 395 sanctum
446 360 599 395 omnibus
625 360 712 395 circa
735 359 875 405 populis.
924 360 1033 394 Lucus
1056 359 1101 394 ibi
1118 360 1183 394 fre-

144 411 260 456 quenti
285 411 367 446 silva
390 414 424 446 et
452 411 597 457 proceris
619 411 736 446 abietis
765 410 935 445 arboribus
960 414 1082 456 saeptus
1107 411 1183 446 laeta

142 461 177 496 in
194 461 301 497 medio
323 475 446 508 pascua
462 462 588 505 habuit,
605 463 663 497 ubi
684 462 790 497 omm's
813 461 943 507 generis
966 474 1095 496 sacrum
1112 462 1181 496 deae

142 525 245 557 pecus
262 513 460 558 pascebatur
477 514 547 548 sine
563 513 630 548 ullo
647 517 790 559 pastore,
803 512 1047 558 separatimque
1064 525 1182 559 greges

142 564 195 598 sui
215 566 376 610 cujusque
398 565 528 609 generis
550 568 648 600 nocte
665 564 855 599 remeabant
873 563 914 597 ad
938 563 1069 598 stabula
1088 576 1183 598 num-

141 627 240 660 quam
267 615 395 650 insidiis
424 616 579 657 ferarum,
607 628 673 650 non
704 615 821 650 fraude
846 615 960 649 violati
991 615 1180 649 hominum:

141 666 253 711 magni
277 667 381 712 igitur
413 666 542 702 fructus
567 679 608 701 ex
633 678 670 701 eo
703 678 820 712 pecore
845 666 934 710 capti
966 665 1182 711 columnaque

141 716 217 752 inde
250 729 350 752 aurea
382 717 486 752 solida
516 717 605 752 facta
636 721 670 751 et
703 720 831 752 sacrata
863 720 924 759 est,
957 717 1182 763 inclytumque

141 768 303 813 templum
335 769 460 804 divitiis
493 769 603 810 etiam,
634 781 701 802 non
732 771 864 803 tantum
897 768 1074 803 sanctitate
1106 768 1180 803 fuit.

107 821 127 850 4
141 821 191 854 Ac
208 820 368 855 miracula
384 821 493 866 aliqua
510 820 724 866 adfinguntur
746 820 939 864 plerumque
957 822 1023 853 tam
1047 819 1182 865 insigni-

141 869 203 905 bus
220 871 320 906 locis:
346 872 434 906 fama
450 874 501 906 est
519 884 607 906 aram
625 883 695 906 esse
712 871 746 905 in
762 870 927 905 vestibulo
944 870 1067 916 templi,
1087 871 1181 916 cujus

109 925 126 954 5
140 922 284 957 cinerem
300 923 390 958 nullo
404 935 560 969 umquam
577 922 702 957 moveri
715 924 824 956 vento.
875 921 940 956 Sed
953 933 1011 955 arx
1025 921 1181 957 Crotonis

139 985 206 1007 una
222 976 317 1018 parte
340 974 513 1009 imminens
531 972 765 1008 mari—altera
787 975 946 1018 vergente
963 972 997 1006 in
1019 984 1182 1017 agrum——

138 1024 207 1059 situ
223 1028 356 1060 tantum
373 1025 516 1060 naturali
536 1024 701 1070 quondam
723 1024 852 1058 munita
877 1027 953 1069 post
975 1035 1014 1058 ea
1030 1027 1063 1058 et
1086 1036 1181 1058 muro

138 1075 248 1111 cincta
269 1079 331 1118 est,
358 1089 423 1122 qua
447 1088 505 1122 per
528 1087 659 1110 aversas
684 1087 783 1120 rupes
809 1075 850 1109 ab
876 1075 1035 1120 Dionysio
1062 1074 1181 1110 Siciliae

108 1129 279 1172 6tyrann0
305 1139 363 1172 per
386 1126 498 1161 dolum
522 1127 631 1161 fuerat
652 1130 758 1172 capta.
806 1126 858 1161 Ea
881 1128 953 1160 tum
978 1126 1180 1160 arce—satis

137 1182 176 1212 ut
193 1178 369 1213 videbatur
388 1178 743 1213 tuta—Crotoniatum
764 1177 942 1223 optimates
962 1176 1120 1211 tenebant
1145 1189 1180 1212 se

136 1230 399 1265 circumsedente
424 1242 499 1265 cum
521 1230 665 1265 Bruttiis
687 1242 742 1264 eos
760 1229 859 1264 etiam
883 1228 978 1274 plebe
1001 1241 1082 1263 sua:
1107 1240 1180 1274 pos-

135 1283 243 1316 tremo
267 1281 405 1325 Bruttii,
431 1294 532 1327 quum
558 1281 626 1316 suis
652 1281 777 1316 viribus
810 1279 1100 1325 inexpugnabilem
1132 1280 1181 1315 vi-

137 1332 255 1367 derent
287 1345 407 1374 arcem,
441 1332 548 1368 coacti
579 1332 778 1367 necessitate
810 1331 987 1366 Hannonis
1021 1331 1180 1366 auxilium

104 1385 121 1418 7
135 1383 324 1429 implorant.
374 1384 409 1418 Is
432 1383 677 1418 conditionibus
695 1383 736 1417 ad
759 1382 960 1417 deditionem
983 1382 1179 1427 compellere

135 1434 347 1470 Crotoniates
365 1438 514 1476 conatus,
534 1437 572 1469 ut
589 1434 749 1469 coloniam
775 1434 987 1468 Bruttiorum
1005 1445 1043 1468 eo
1061 1432 1180 1469 deduci

134 1487 370 1532 antiquamque
392 1486 615 1530 frequentiam
637 1498 676 1520 eo
700 1485 846 1530 recipere
863 1487 990 1519 vastam
1015 1496 1052 1519 ac
1069 1485 1179 1519 deser-

134 1541 203 1572 tam
222 1537 314 1572 bellis
337 1537 453 1572 urbem
471 1540 679 1582 paterentur,
696 1536 842 1571 omnium
867 1536 1032 1570 neminem
1056 1538 1179 1580 praeter

133 1589 404 1624 Aristomachum
428 1589 550 1623 movit:
580 1588 758 1623 morituros
783 1599 818 1622 se
840 1587 1056 1622 adfirmabant
1079 1587 1177 1622 citius

134 1652 230 1685 quam
254 1640 399 1675 immixti
415 1639 561 1674 Bruttiis
583 1639 618 1674 in
643 1639 766 1674 alienos
790 1639 875 1673 ritus
897 1651 1003 1673 mores
1020 1638 1177 1683 legesque

98 1700 115 1729 8
133 1703 171 1726 ac
203 1704 281 1726 mox
320 1691 467 1737 linguam
505 1691 605 1725 etiam
637 1693 858 1725 verterentur.
922 1689 1176 1724 Aristomachus

133 1755 229 1785 unuS‚
248 1742 379 1790 quando
403 1754 463 1777 nec
480 1741 649 1777 suadendo
666 1741 707 1776 ad
730 1741 930 1776 deditionem
948 1740 1028 1776 satis
1045 1740 1175 1776 valebat
