1298 1921
398 53 488 85 LIB.
511 53 628 84 XXII.
654 55 705 91 29,
723 54 773 84 30,
1065 54 1120 84 101

67 95 332 175 iiifft'fiidironos
353 128 553 170 salutabitis,
572 128 682 163 et—si
705 127 787 163 nihil
810 127 1120 174 aliud—gratorum

67 185 157 216 certe
174 180 269 216 nobis
287 181 473 215 animorum
491 180 629 226 gloriam
648 180 718 214 dies
735 179 789 214 hic
807 179 968 215 dederit.’⁷
1017 181 1119 227 Signo
1134 178 1221 223 (30)

66 232 143 267 dato
162 232 388 267 conclamatur
405 229 481 266 inde
499 235 538 266 ut
560 231 761 277 colligantur
778 243 868 266 vasa.
918 231 1069 266 Profecti
1086 234 1121 267 et

65 283 195 330 agmine
218 282 412 318 incedentes
436 283 610 318 dictatoris
634 287 744 318 castra
765 282 800 317 in
817 282 1067 318 admirationem
1087 287 1123 319 ct

65 335 177 380 ipsum
209 337 243 370 et
276 347 390 370 omnes
426 335 484 380 qui
516 335 605 370 circa
633 338 728 369 erant
761 337 1012 370 converterunt.
1071 336 1156 371 Ut2

64 386 249 422 constituta
281 389 360 421 sunt
389 390 467 421 ante
500 386 650 421 tribunal
678 386 783 432 signa,
814 398 1015 432 progressus
1045 390 1124 422 ante

64 437 145 472 alios
172 438 332 484 magister
358 438 521 483 equitum,
553 451 654 484 quum
684 441 814 483 patrem
843 437 983 472 Fabium
1011 438 1124 484 appel-

64 488 165 524 lasset
183 490 469 535 circumfusosque
487 489 631 524 militum
649 491 721 533 ejus
742 492 853 524 totum
871 501 990 535 agmen
1015 494 1124 535 patro-

64 553 124 575 nos
141 541 396 583 consalutasset,
414 545 434 559 ‘⁶
449 541 672 576 Parentibus²'
691 541 800 586 inquit
820 544 841 558 ‘³
854 541 946 583 meis,
966 540 1123 585 dictator,

65 592 185 638 quibus
213 596 248 628 te
277 592 376 627 modo
409 593 552 635 nominc,
583 605 648 638 quo
678 593 777 627 fando
807 605 954 638 possum,
986 594 1125 642 aequavi,

64 645 168 679 vitam
200 647 332 679 tantum
369 644 483 686 debeo,
514 644 576 680 tibi
606 655 709 688 quum
740 657 845 679 meam
880 644 1023 679 salutem
1051 648 1125 680 tum

65 696 212 730 omnium
244 696 384 731 horum:
419 697 533 742 itaque
564 696 672 742 plebei
702 697 835 738 scitum,
867 708 933 742 quo
966 700 1125 731 oneratus

65 748 169 793 magis
187 760 285 793 quam
307 748 491 782 honoratus
515 761 597 790 sum,
621 749 749 794 primus
771 748 910 793 antiquo
933 747 1126 794 abrogoque

65 803 109 842 et,
135 798 223 845 quod
248 799 310 834 tibi
337 800 495 845 mihique,
523 799 613 845 quod
638 799 908 846 exercitibusque
933 799 984 834 his
1010 800 1127 834 tuis—-

64 854 196 885 servato
219 862 257 885 ac
280 851 603 886 conservatori—sit
625 851 715 893 felix,
736 850 798 886 sub
818 851 994 896 imperium
1013 851 1125 896 auspi-

64 902 219 948 ciumque
237 906 332 937 tuum
352 902 452 937 redeo
471 906 504 937 et
522 902 618 948 signa
634 903 705 938 haec
725 902 940 948 legionesque
958 903 1102 937 restituo
1117 918 1124 938 ε

64 956 114 998 tu,
139 966 262 1000 quaeso,
291 954 443 1000 placatus
469 967 522 988 me
544 954 700 1000 magistri
722 954 884 1000 equitum,
907 954 968 989 hos
993 954 1126 989 ordines

65 1017 143 1040 suos
162 1018 325 1051 quemque
343 1009 458 1040 tenere
473 1005 626 1051 jubeas.'’
668 1006 753 1040 Tum
773 1005 899 1040 dextrae
912 1006 1126 1051 interjunctae
1141 1017 1158 1046 3

65 1057 257 1102 militesque
275 1057 434 1092 concione
453 1057 592 1092 dimissa
608 1056 648 1092 ab
667 1057 756 1092 notis
774 1057 966 1104 ignotisque
983 1057 1127 1103 benigne

65 1112 166 1154 atque
192 1109 402 1155 hospitaliter
429 1109 575 1151 invitati,
602 1109 766 1154 laetusque
789 1109 859 1144 dies
885 1122 927 1144 ex
949 1109 1128 1144 admodum

65 1160 155 1195 tristi
181 1161 279 1206 paulo
304 1164 382 1195 ante
406 1173 444 1196 ac
471 1173 575 1206 prope
605 1160 802 1195 exsecrabili
827 1160 948 1195 factus.
999 1161 1125 1203 Romae,
1140 1170 1159 1200 4

64 1215 103 1246 ut
129 1216 180 1246 est
204 1211 331 1258 perlata
353 1212 442 1246 fama
467 1212 515 1247 rei
540 1216 655 1258 gestae,
682 1212 758 1246 dein
783 1211 906 1246 litteris
931 1224 998 1246 non
1020 1212 1128 1256 magis

65 1263 211 1308 ipsorum
237 1263 476 1309 imperatorum
503 1277 601 1310 quam
626 1264 728 1309 vulgo
750 1263 895 1298 militum
918 1276 961 1298 ex
984 1266 1128 1309 utroque

65 1315 215 1350 exercitu
240 1315 422 1356 adfirmata,
447 1328 507 1361 pro
535 1328 570 1350 se
595 1316 735 1361 quisquc
761 1315 947 1349 Maximum
974 1315 1127 1350 laudibus

66 1366 107 1400 ad
125 1366 242 1401 coelum
258 1366 355 1401 ferre.
394 1367 460 1401 Par
479 1367 584 1413 gloria
602 1367 690 1413 apud
710 1366 932 1401 Hannibalem
947 1367 1126 1412 hostesque
1141 1377 1160 1405 5

66 1417 187 1452 Poenos
206 1420 287 1459 erat,
307 1429 345 1452 ac
361 1420 434 1452 tum
453 1417 587 1452 demum
606 1418 731 1452 sentire
752 1430 827 1452 cum
846 1418 1006 1452 Romanis
1025 1422 1126 1463 atque

65 1468 100 1503 iu
118 1469 217 1503 Italia
238 1468 370 1517 bellum·
381 1482 475 1504 esse:
503 1482 581 1504 nam
604 1469 738 1504 biennio
762 1472 839 1504 ante
865 1469 945 1504 adeo
969 1474 1003 1504 et
1024 1469 1126 1504 duces

67 1521 236 1555 Romanos
254 1524 287 1555 et
305 1519 427 1555 milites
446 1524 651 1566 spreverant,
671 1524 709 1555 ut
728 1520 781 1555 vix
800 1533 876 1555 cum
893 1520 1006 1555 eadem
1025 1524 1127 1567 gente

66 1571 188 1607 bellum
222 1584 295 1607 esse
328 1572 513 1614 crederent,
549 1575 646 1617 cujus
680 1572 863 1607 terribilem
899 1585 970 1607 eam
1005 1573 1127 1607 famam

66 1635 85 1658 a
117 1623 270 1668 patribus
300 1624 518 1669 accepissent.
572 1623 798 1659 Hannibalem
829 1636 960 1670 quoque
987 1636 1029 1659 ex
1058 1625 1161 1663 acie6

66 1675 263 1710 redeuntem
297 1675 420 1710 dixisse
456 1675 581 1717 ferunt,
617 1675 752 1709 tandem
786 1687 855 1710 eam
890 1676 1023 1717 nubem,
1054 1689 1128 1721 quae

67 1726 182 1762 sedere
199 1727 234 1761 in.
247 1728 343 1774 jugis
361 1728 525 1762 montium
543 1727 643 1762 solita
659 1727 713 1769 sit,
732 1739 809 1762 cum
826 1727 971 1773 procella
987 1727 1129 1763 imbrem

68 1777 208 1814 dedisse.
