1298 1921
402 51 491 83 LIB.
513 51 611 82 XXI.
633 53 686 89 57,
702 54 752 83 58.
1065 53 1106 84 59

54 91 304 172 &utiamiisspigre
331 124 460 161 defensi
488 125 530 161 ad
554 125 760 161 Placentiam
791 126 937 172 praesidii
966 138 1105 163 accensa

54 177 153 212 armis
175 177 316 223 arreptis
343 177 474 212 obviam
494 177 678 212 Hannibali
701 177 860 223 procedit.
910 178 1023 224 Magis
1046 190 1104 224 ag·
1122 184 1160 214 10

53 229 142 263 mina
168 240 267 274 quam
300 228 386 263 acies
414 228 450 263 iu
481 228 536 263 via
567 232 818 270 concurrerunt,
850 231 894 270 et,
926 241 1029 274 quum
1063 241 1106 264 ex

54 279 158 314 altera
182 283 276 325 parte
301 279 383 314 nihil
407 282 534 324 practer
552 279 756 314 inconditam
780 279 913 315 turbam
939 283 1043 323 esset,
1067 280 1100 314 in

53 330 158 365 altera.
185 338 220 365 et
245 330 314 365 dux
341 330 439 365 militi
465 334 500 365 et
529 330 606 366 duci
632 331 726 366 miles
752 330 869 373 fidens,
894 330 935 365 ad
963 331 1102 377 triginta

53 381 200 427 quinque
228 381 331 416 millia
359 381 530 416 hominum
559 393 579 416 a
603 382 716 427 paucis
744 381 829 416 fusa.
878 382 1021 417 Postero
1050 381 1103 416 die
1119 388 1155 418 11

52 432 220 467 deditione
238 432 327 467 facta
350 432 539 478 praesidium
564 433 653 467 intra
676 433 798 468 moenia
820 445 987 478 accepere,
1003 433 1103 479 jussi-

52 496 116 530 que
141 496 232 518 arma
259 483 390 518 tradere
419 496 521 529 quum
551 483 640 518 dicto
666 484 866 529 paruissent,
893 484 1025 529 signum
1055 496 1103 519 re-

51 538 152 580 pente
177 535 360 570 victoribus
385 534 484 569 datur
510 538 548 569 ut
574 538 745 581 tamquam
769 535 802 570 vi
827 538 960 580 captain
987 535 1103 570 urbem

52 585 255 632 diriperent:
288 599 396 632 noque
429 586 505 626 ulla,
537 599 610 632 quae
643 587 679 620 in
715 586 776 621 tali
807 599 843 621 re
875 586 1100 621 memorabilis

52 638 275 673 scribentibus
300 638 405 673 videri
429 638 524 679 solet,
547 638 771 683 praetermissa
795 638 904 673 clades
929 641 993 679 est,
1019 638 1102 673 adeo

51 690 158 724 onmis
183 689 328 724 libidinis
358 689 633 735 crudelitatisque
658 692 692 724 et
721 689 910 724 inhumanae
935 689 1100 734 superbiae

51 740 177 775 editum
202 741 237 775 in
259 741 396 775 miseros
417 740 609 784 exemplum
633 743 695 776 est.
745 741 811 776 Hae
834 741 928 776 fuere
951 740 1099 776 hibernae
1118 746 1156 776 12

51 791 280 836 expeditiones
297 791 509 835 Hannibalis.

97 842 201 877 Haud
223 842 316 887 longi
339 842 415 877 inde
440 842 610 888 temporis,
630 842 709 877 dum
731 842 954 877 intolerabilia
975 842 1102 889 frigora
1116 843 1196 884 (58)

52 897 157 935 erant,
176 894 271 939 quies
287 894 386 928 militi
403 893 481 928 data
503 897 564 935 est,
584 898 617 928 et
636 893 677 928 ad
699 894 806 939 prima
828 906 865 928 ac
883 893 983 929 dubia
1005 894 1103 940 signa

51 945 139 979 veris
171 945 342 991 profectus
374 957 416 980 ex
447 944 593 980 hibernis
626 945 662 980 in
689 945 862 980 Etruriam
895 945 999 987 ducit,
1029 957 1103 980 eam

52 1008 184 1042 quoque
212 1002 348 1043 gentem
380 997 468 1032 sieut
494 997 606 1031 Gallos
640 996 850 1042 Liguresque
883 999 942 1031 aut
974 997 1009 1032 vi
1041 1000 1101 1031 aut

50 1047 224 1083 voluntate
241 1048 472 1092 adjuncturus.
521 1048 765 1083 Transeuntem
782 1048 996 1094 Apenninum
1019 1047 1101 1083 adeo
1116 1055 1135 1083 2

50 1102 147 1133 atrox
165 1098 281 1134 adorta
299 1102 481 1144 tempestas
500 1102 561 1141 est,
580 1102 619 1133 ut
637 1099 772 1144 Alpium
796 1111 898 1145 prope
915 1099 1102 1134 foeditatem

50 1150 267 1195 superaverit.
310 1151 422 1185 Vento
439 1150 565 1184 mixtus
578 1150 684 1185 imber
700 1163 802 1196 quum
815 1150 961 1186 ferretur
978 1151 1013 1185 in
1030 1151 1104 1196 ipsa

50 1212 116 1242 ora,
141 1202 257 1246 primo,
281 1201 359 1247 quia
381 1204 439 1236 aut
465 1214 556 1235 arma
579 1201 766 1236 omittenda
785 1205 880 1236 erant
904 1205 962 1236 aut
983 1205 1101 1237 contra
1295 1216 1298 1246 3

49 1252 216 1287 enitentes
235 1253 360 1287 vertice
383 1253 501 1287 intorti
524 1252 780 1297 adfligebantur‚
800 1253 992 1294 constitere,
1013 1252 1101 1296 dein,

49 1316 152 1349 quum
174 1304 243 1349 jam
265 1304 423 1349 spiritum
446 1303 633 1339 includeret
656 1316 717 1338 nee
734 1303 940 1349 reciprocare
958 1304 1101 1339 animam

49 1354 184 1394 sineret,
202 1355 309 1390 aversi
327 1367 346 1390 a
362 1358 463 1390 vento
480 1367 659 1400 parumper
679 1354 868 1390 consedere.
918 1355 1003 1390 Tum
1022 1367 1100 1390 vero
1114 1365 1133 1393 3

48 1405 177 1451 ingenti
205 1418 286 1440 sono
315 1406 432 1441 coelum
467 1409 616 1451 strepere
645 1410 679 1440 et
707 1406 796 1440 iuter
823 1406 1006 1441 horrendos
1035 1407 1102 1440 fra-

48 1469 146 1502 gores
179 1458 301 1493 micare
333 1458 450 1504 ignes:
493 1458 600 1503 captis
633 1457 769 1493 auribus
802 1461 836 1493 et
869 1459 973 1493 oculis
1007 1462 1102 1493 metu

49 1520 163 1543 omnes
188 1512 340 1555 torpere:
372 1509 504 1544 tandem
531 1510 636 1543 effuso
661 1509 777 1553 imbre,
800 1522 902 1555 quum
929 1522 968 1544 eo
992 1510 1100 1552 magis

50 1571 187 1594 aceensa
216 1561 266 1595 vis
291 1560 384 1595 venti
414 1563 513 1603 esset,
539 1560 611 1605 ipso
640 1560 696 1594 illo
725 1573 790 1606 quo
820 1560 974 1606 deprensi
1004 1565 1100 1596 erant

47 1609 120 1645 loco
147 1614 257 1645 castra
284 1623 407 1657 ponere
439 1611 664 1646 necessarium
692 1612 802 1646 visum
831 1616 893 1647 est.
945 1612 988 1647 Id
1020 1622 1132 1651 vero4

48 1661 170 1696 laboris
195 1662 287 1697 velut
313 1661 353 1697 de
377 1663 510 1708 integro
535 1662 668 1696 initium
694 1663 779 1698 fuit:
805 1676 883 1698 nam
907 1676 968 1698 nec
993 1664 1100 1708 expli-

49 1724 124 1747 care
153 1713 329 1759 quicquam
359 1725 420 1748 nec
453 1716 602 1748 statuere
631 1717 798 1759 poterant,
825 1727 886 1750 nec
915 1714 1003 1760 quod
1032 1717 1099 1749 sta-

49 1766 164 1798 tutum
196 1767 286 1799 esset
317 1765 484 1807 manebat,
518 1764 631 1799 omnia
662 1764 898 1810 perscindente
930 1768 1033 1801 vento
1065 1768 1100 1801 et
