1298 1921
173 16 233 46 104·
425 15 461 45 Τ.
477 15 596 45 LIVII
623 15 955 46 HJSTORIARUM
1058 56 1093 90 [A
1118 58 1137 82 C
1158 58 1204 82 21⁶

139 98 157 126 2
172 92 204 122 et
228 89 301 123 :eris
328 89 437 132 gravis
461 89 580 135 viginti
602 89 712 124 millia.
761 90 883 135 Legati
905 93 938 125 et
962 90 1002 124 ad
1026 91 1215 136 Philippum

172 140 393 174 Macedonum
417 153 529 184 regem
553 141 645 175 missi
671 141 712 176 ad
737 141 980 186 deposcendum
1006 142 1214 176 Demetrium

171 192 340 233 Pharium,
366 192 421 236 qui
448 192 531 226 bello
558 192 664 226 victus
689 192 730 227 ad
758 205 833 227 eum
862 193 1014 238 fugisset,
1042 196 1076 227 et
1100 193 1154 227 alii
1183 194 1217 228 in
1268 209 1270 216 r

170 243 314 287 Ligures
339 243 380 277 ad
403 243 683 287 expostulandum
710 243 797 289 quod
820 244 959 278 Poenum
983 243 1101 289 opibus
1125 245 1217 278 auxi—

171 294 288 339 liisque
306 294 374 329 suis
388 294 563 338 juvissent,
583 294 681 328 simul
701 294 742 329 ad
758 294 930 329 visendum
954 307 997 328 ex
1020 295 1214 340 propinquo,

170 358 243 390 quae
261 345 294 379 in
312 345 403 380 Boiis
429 348 528 390 atque
552 345 751 380 Insubribus
769 349 964 391 gererentur
981 359 986 380 :
1013 346 1053 380 ad
1077 346 1216 380 Pineum

170 409 302 443 quoque
326 409 439 442 regem
467 397 501 431 in
528 397 657 443 Illyrios
686 397 789 442 legati
816 397 907 432 missi
936 396 977 431 ad
1006 397 1217 442 stipendium,

170 452 265 493 cujus
295 448 365 483 dies
398 448 537 488 exierat,
566 448 769 493 poscendum
799 451 867 491 aut,
897 448 922 482 si
955 447 1040 482 diem
1070 448 1216 494 proferre

133 504 152 533 3
171 500 278 542 vellet,
305 499 436 534 obsides
466 499 684 544 accipiendos.
735 499 837 541 Adeo,
864 499 928 534 etsi
952 498 1073 534 bellum
1100 499 1216 545 ingens

169 551 203 585 in
231 551 414 586 cervicibus
444 553 525 592 erat,
554 551 677 585 nullius
705 563 845 596 usquam
874 553 1038 585 terrarum
1063 551 1111 585 rei
1138 563 1217 585 cura

132 608 152 637 4
169 603 348 644 Romanos,
368 615 409 637 ne
430 602 611 648 longinqua
628 601 768 648 quidem,
788 601 978 647 effugiebat.
1027 602 1069 636 In
1086 601 1217 648 religio-

167 667 242 688 nem
261 655 360 689 etiam
378 654 470 688 venit
488 653 589 688 {edem
609 653 810 695 Concor-dite,
828 666 926 698 quam
945 666 1003 699 per
1020 653 1216 688 seditionem

167 705 343 741 militarem
376 705 508 740 biennio
537 708 614 740 ante
646 705 686 740 L.
717 705 864 739 Manlius
898 708 1020 750 praetor
1048 705 1082 739 in
1111 705 1217 739 Gallia

167 758 323 799 vovisset,
342 757 483 792 locatam
503 757 543 791 ad
560 756 594 791 id
611 760 742 802 tempus
765 769 831 791 non
849 769 942 791 esse:
969 756 1082 801 itaque
1100 756 1217 791 duum-

165 808 229 843 viri
251 809 292 843 ad
317 821 389 843 eam
413 820 484 843 rem
508 808 611 842 creati
635 820 654 842 a
677 808 725 842 M.
751 807 886 842 AEmilio
910 812 1054 853 praetore
1080 807 1151 842 urb.
1177 808 1215 842 C.

168 860 297 905 Pupius
327 862 361 894 et
387 860 481 894 Caeso
511 859 692 897 Quinctius
720 859 922 894 Flamininus
952 859 1055 894 aedem
1082 859 1117 893 in
1142 871 1216 894 arce

166 911 349 946 faciendam
367 911 569 946 locaverunt.

134 972 153 1002 5
213 962 266 997 Ab
291 962 405 997 eodem
436 965 577 1008 praetore
606 973 649 996 ex
679 963 814 996 senatus
843 960 996 996 consulto
1025 960 1145 996 litterae
1175 961 1214 996 ad

166 1014 318 1048 consules
353 1013 462 1048 missae
495 1016 543 1054 ut,
575 1013 603 1047 si
635 1013 675 1047 iis
709 1012 890 1055 videretur,
920 1013 1004 1046 alter
1032 1024 1145 1046 eorum
1176 1012 1216 1047 ad

165 1064 318 1100 consules
351 1064 510 1099 creandos
544 1064 687 1098 Romam
720 1064 860 1105 veniret,
891 1075 925 1098 se
958 1064 993 1098 in
1025 1075 1097 1098 eam
1129 1063 1216 1098 diem

131 1120 264 1161 6quam
293 1115 474 1161 jussissent
503 1115 637 1150 comitia
669 1114 868 1150 edicturum.
918 1114 970 1149 Ad
1002 1114 1072 1149 haec
1100 1126 1216 1149 consu-

164 1167 251 1202 libus
278 1167 488 1211 rescriptum,
517 1166 588 1201 sine
618 1165 818 1200 detiimento
842 1165 890 1200 rei
914 1165 1057 1210 publicae
1083 1165 1216 1200 abscedi

164 1231 231 1253 non
261 1230 357 1264 posse
386 1218 426 1252 ab
456 1218 572 1252 hoste:
607 1217 721 1262 itaque
754 1229 813 1262 per
846 1217 1048 1262 interregem
1082 1217 1217 1251 comitia

166 1269 316 1305 habenda
341 1281 413 1304 esse
437 1269 550 1314 potius
577 1280 676 1314 quam
702 1268 816 1303 consul
840 1268 923 1302 alter
948 1280 967 1302 a
991 1267 1076 1302 bello
1102 1279 1216 1302 avoca-

135 1327 152 1360 7
164 1325 267 1356 1etur.
318 1320 475 1355 Patribus
493 1320 616 1354 rectius
634 1319 743 1354 visum
761 1322 812 1354 est
830 1319 1027 1353 dictatoiem
1045 1331 1062 1353 a
1080 1319 1215 1353 consule

165 1372 230 1407 dici
247 1372 456 1407 comitiorum
475 1370 700 1405 habendorum
718 1382 836 1405 eausa:
864 1370 974 1404 dietus
992 1370 1031 1404 L.
1052 1370 1214 1404 Veturius

165 1423 262 1458 Philo
293 1424 353 1458 M’.
372 1422 594 1467 Pomponium
624 1422 821 1456 Mathonem
843 1421 1041 1467 magistrum
1064 1421 1213 1467 equitum

129 1481 146 1510 8
167 1475 261 1509 dixit.
312 1474 358 1509 Iis
382 1474 463 1508 vitio
489 1473 609 1508 creatis
629 1472 798 1518 jussisque
822 1472 874 1507 die
897 1475 1015 1518 quarto
1034 1471 1160 1506 decimo
1178 1485 1213 1507 se

67 1523 153 1566 (34)
170 1526 367 1570 magistratu
390 1524 552 1568 abdicare,
575 1536 627 1558 res
651 1523 691 1558 ad
716 1523 943 1568 interregnum
969 1522 1077 1558 rediit.
1127 1523 1213 1557 Con-

79 1597 82 1602 *
133 1577 294 1616 2sulibus
324 1579 539 1621 prorogatum
569 1575 603 1610 in
631 1587 754 1609 annum
786 1574 970 1619 imperium.
1020 1574 1212 1619 Interreges

164 1628 287 1673 proditi
310 1631 390 1662 suut
411 1640 429 1661 a
452 1627 601 1672 patribus
627 1626 664 1661 C.
685 1625 844 1660 Claudius
866 1625 966 1671 Appii
988 1625 1074 1660 filius
1092 1625 1209 1667 Cento,

131 1687 149 1716 3
165 1679 239 1714 inde
265 1680 302 1714 P.
322 1678 496 1714 Cornelius
528 1678 642 1712 Asina.
692 1677 734 1711 In
759 1679 831 1722 ejus
856 1677 1046 1722 interregno
1079 1676 1212 1711 comitia

129 1735 149 1763 4
162 1730 275 1766 habita
291 1742 411 1771 magno
429 1729 609 1765 certamine
626 1730 760 1774 patrum
778 1740 815 1763 ac
832 1728 947 1773 plebis.
997 1728 1035 1763 C.
1053 1727 1210 1762 Terentio
