1298 1921
172 21 214 49 62
427 20 464 50 T.
490 19 609 50 LIVII
637 19 971 50 HISTORIARUM
1066 60 1102 94 [A
1126 62 1145 85 C
1169 61 1216 85 218

174 93 386 128 Hasdrubale
411 93 475 128 sibi
499 93 723 128 dimicandum
748 106 832 135 esse,
856 94 1035 140 malletque
1068 95 1227 129 adversus

173 144 321 190 singulos
355 145 535 190 separatim
570 157 669 190 quam
711 145 869 180 adversus
903 146 987 180 duos
1028 145 1125 180 simul
1157 158 1226 179 rem

143 198 297 241 5gerere.
347 195 421 230 Nec
445 196 557 240 magni
583 196 773 230 certaminis
795 209 833 231 ea
854 196 1022 231 dimicatio
1047 196 1134 230 fuit:
1169 209 1228 230 sex

171 246 273 281 millia
290 246 437 280 hostium
451 259 544 288 cri-sa,
561 246 627 281 duo
645 251 744 292 capta
761 259 835 281 cum
850 247 1003 292 praesidio
1021 254 1205 281 castrorum
1219 262 1226 281 :

170 310 247 332 nam
265 301 298 332 et
321 302 431 332 castra
453 300 647 343 expugnata
670 301 748 332 sunt
774 302 874 344 atque
891 299 962 343 ipse
985 298 1055 332 dux
1078 310 1152 332 cum
1171 298 1228 332 ali-

172 352 254 394 quot
276 349 481 395 principibus
506 349 695 394 capiuntur,
715 353 749 383 et
775 350 892 384 Scissis
918 350 1139 394 propinquum
1160 361 1228 383 cas-

142 404 161 434 6
174 400 234 434 tris
248 399 409 445 oppidum
425 404 648 445 expugnatur.
700 400 867 434 Caeterum
887 400 997 445 przeda
1010 400 1122 446 oppidi
1136 401 1227 445 parvi

172 451 273 496 pretii
290 464 400 485 rerum
418 451 493 492 suit,
513 451 663 496 supellex
688 451 859 486 barbarica
876 464 913 486 ac
938 451 1051 485 vilium
1070 452 1228 496 mancipi-

172 514 287 536 orum:
315 506 426 537 castra
443 502 580 536 militem
601 502 749 536 ditavere
773 515 838 536 non
856 505 928 547 ejus
947 502 1043 536 modo
1061 505 1227 537 exereitus

173 555 230 599 qui
247 553 356 588 victus
375 556 456 595 erat,
475 553 533 587 scd
557 557 591 587 et
609 553 679 598 ejus
699 554 754 598 qui
772 566 847 587 cum
872 553 1060 587 Hannibale
1078 553 1111 587 in
1130 553 1229 588 Italia

172 604 348 646 militabat,
376 604 529 639 omnibus
556 605 624 638 fere
646 605 730 639 caris
756 605 864 646 rebus,
888 617 929 639 nc
953 605 1067 650 gravia
1091 604 1228 649 impedi-

174 660 286 690 menta
303 656 488 691 ferentibus
507 660 629 696 essent,
650 656 733 690 citra
752 656 946 702 Pyremeum
966 656 1099 690 relictis.

89 704 166 743 (61)
220 707 422 753 Priusquam
447 712 539 742 certa
559 708 658 752 hujus
685 707 785 742 cladis
812 707 900 741 fama
920 707 1093 748 accideret,
1121 710 1228 741 trans-

174 771 310 804 gressus
330 758 495 794 Hiberum
514 758 707 793 Hasdrubal
725 771 800 792 cum
817 762 892 793 octo
911 758 1055 792 millibus
1079 758 1228 803 peditum

174 809 262 844 mille
280 810 430 856 equitum
448 814 618 855 tamquam
638 810 679 844 ad
702 810 843 855 primum
863 809 1043 844 adventum
1061 809 1228 844 Romano-

172 873 245 895 rum
279 873 490 903 occursurus,
527 866 705 907 postquam
746 861 894 906 perditas
927 873 980 895 res
1013 860 1054 894 ad
1094 861 1227 895 Scissiui

140 918 160 947 2
174 912 360 957 amissaque
378 916 489 947 castra
506 913 644 958 accepit,
660 913 724 947 iter
737 912 779 946 ad
798 925 886 946 mare
901 912 1075 947 convertit.
1125 911 1228 946 Haud

172 964 289 1009 procul
322 964 508 998 Tarracone
543 963 697 998 classicos
731 964 853 998 milites
887 963 1084 1008 navalesque
1121 963 1227 997 socios

172 1027 275 1060 vagos
293 1015 510 1061 palantesque
528 1027 586 1060 per
604 1028 712 1060 agros,
733 1015 820 1060 quod
845 1015 947 1050 ferme
966 1016 1001 1048 lit
1020 1021 1057 1048 ut
1075 1014 1228 1049 secundae

171 1078 226 1101 res
258 1066 497 1112 negligentiam
532 1072 656 1108 creent,
688 1067 799 1112 equite
833 1067 953 1112 passim
989 1066 1123 1100 dimisso
1153 1078 1228 1100 cum

138 1121 293 1163 31nagna
324 1117 413 1152 crede
446 1120 572 1163 majore
606 1118 687 1163 suga
720 1118 761 1152 ad
794 1131 893 1152 naves
927 1117 1104 1162 compellit.
1154 1117 1228 1152 Nec

173 1169 302 1204 diutius
323 1169 411 1204 circa
435 1182 474 1203 ea
496 1169 569 1204 loca
592 1169 714 1204 morari
737 1182 847 1211 ausuS,
870 1182 911 1203 ne
935 1169 974 1203 ab
1000 1169 1152 1213 Scipione
1169 1180 1227 1212 op-

142 1220 383 1266 4primeretur‚
418 1224 512 1254 trans
547 1220 712 1255 Hiberum
732 1233 804 1255 sese
837 1221 972 1265 recepit.
1039 1220 1083 1254 Et
1118 1220 1228 1265 Scipio

171 1271 294 1317 raptim
312 1271 353 1306 ad
378 1272 499 1306 samam
518 1284 678 1306 novorum
703 1272 848 1306 hostium
875 1273 1005 1317 agmine
1023 1276 1107 1313 acto,
1126 1284 1227 1317 quum

172 1322 207 1356 in
232 1335 354 1368 paucos
381 1323 557 1368 praefectos
590 1323 723 1357 navium
750 1322 1048 1364 animadvertisset,
1075 1322 1227 1367 praesidio

172 1372 359 1408 Tarracone
386 1373 517 1408 modico
551 1373 667 1408 relicto
697 1374 855 1419 Emporia
884 1386 958 1408 cum
985 1374 1088 1407 classe
1118 1373 1228 1409 rediit.

143 1424 323 1459 5Vixdun1
356 1424 505 1471 digresso
532 1437 570 1459 eo
606 1425 800 1459 Hasdrubal
825 1424 948 1466 aderat,
976 1428 1010 1459 et
1044 1425 1227 1469 Ilergetum

172 1476 307 1521 populo,
337 1477 394 1522 qui
420 1476 553 1511 obsides
589 1477 735 1522 Scipioni
762 1476 909 1517 dederat,
938 1475 979 1510 ad
1008 1475 1228 1510 desectionem

171 1527 325 1573 impulso,
349 1539 426 1562 cum
452 1540 567 1562 corum
591 1528 739 1573 ipsorum
756 1527 935 1572 juventute
959 1540 1055 1572 agros
1082 1526 1226 1560 fidelium

171 1577 332 1613 Romanis
357 1579 521 1613 sociorum
548 1583 678 1613 vastat:
714 1579 824 1612 excito
853 1577 971 1612 deinde
998 1578 1150 1622 Scipione
1179 1577 1227 1612 hi-

142 1629 282 1664 6bernis
315 1633 388 1664 toto
422 1629 468 1664 cis
502 1629 669 1664 Hiberum
705 1642 822 1664 rursus
855 1629 943 1664 cedit
977 1641 1066 1674 agio.
1117 1628 1227 1673 Scipio

171 1680 320 1715 relictam
343 1680 383 1715 ab
409 1686 545 1715 auctore
569 1680 765 1715 defectionis
789 1681 973 1725 Ilergetum
999 1684 1132 1725 gentem
1151 1692 1226 1714 cnm

170 1731 294 1768 infesto
321 1732 474 1768 exercitu
499 1732 686 1776 invasisset,
712 1731 891 1778 compulsis
918 1731 1072 1766 omnibus
1101 1732 1226 1765 Atana-
