<?xml version="1.0" encoding="UTF-8"?>
<!DOCTYPE html PUBLIC "-//W3C//DTD XHTML 1.0 Transitional//EN"
    "http://www.w3.org/TR/xhtml1/DTD/xhtml1-transitional.dtd">
<html xmlns="http://www.w3.org/1999/xhtml" xml:lang="en" lang="en">
 <head>
  <title>
</title>
<meta http-equiv="Content-Type" content="text/html;charset=utf-8" />
  <meta name='ocr-system' content='tesseract 3.04.00' />
  <meta name='ocr-capabilities' content='ocr_page ocr_carea ocr_par ocr_line ocrx_word'/>
</head>
<body>
  <div class='ocr_page' id='page_1' title='image "./booksxxixxivwith00livyuoft_0238.png"; bbox 0 0 1298 1921; ppageno 0'>
   <div class='ocr_carea' id='block_1_1' title="bbox 128 6 1205 127">
    <p class='ocr_par' dir='ltr' id='par_1_1' title="bbox 128 6 1205 127">
     <span class='ocr_line' id='line_1_1' title="bbox 162 6 944 37; baseline 0 0"><span class='ocrx_word' id='word_1_1' title='bbox 162 9 224 37; x_wconf 79' lang='lat'>216</span> <span class='ocrx_word' id='word_1_2' title='bbox 406 7 443 37; x_wconf 92' lang='lat' dir='ltr'>T.</span> <span class='ocrx_word' id='word_1_3' title='bbox 467 7 585 36; x_wconf 89' lang='lat' dir='ltr'>LIVII</span> <span class='ocrx_word' id='word_1_4' title='bbox 610 6 944 37; x_wconf 83' lang='lat' dir='ltr'>HISTORIARUM</span> 
     </span>
     <span class='ocr_line' id='line_1_2' title="bbox 128 49 1205 127; baseline 0.002 -12"><span class='ocrx_word' id='word_1_5' title='bbox 128 87 146 116; x_wconf 89' lang='lat'>6</span> <span class='ocrx_word' id='word_1_6' title='bbox 161 81 360 127; x_wconf 77' lang='lat' dir='ltr'>signumque</span> <span class='ocrx_word' id='word_1_7' title='bbox 373 84 411 116; x_wconf 89' lang='lat' dir='ltr'>ut</span> <span class='ocrx_word' id='word_1_8' title='bbox 425 81 518 116; x_wconf 80' lang='lat' dir='ltr'>daret</span> <span class='ocrx_word' id='word_1_9' title='bbox 532 81 700 126; x_wconf 76' lang='lat' dir='ltr'>extemplo</span> <span class='ocrx_word' id='word_1_10' title='bbox 713 81 869 116; x_wconf 87' lang='lat' dir='ltr'>ferociter</span> <span class='ocrx_word' id='word_1_11' title='bbox 881 49 1091 117; x_wconf 37' lang='lat' dir='ltr'>instabanifa&#39;</span> <span class='ocrx_word' id='word_1_12' title='bbox 1103 50 1205 118; x_wconf 47' lang='grc' dir='ltr'>ᾖξε-Ξὲ-</span> 
     </span>
    </p>
   </div>
   <div class='ocr_carea' id='block_1_2' title="bbox 78 132 1215 1771">
    <p class='ocr_par' dir='ltr' id='par_1_2' title="bbox 78 132 1215 1771">
     <span class='ocr_line' id='line_1_3' title="bbox 161 132 1204 178; baseline 0.001 -12"><span class='ocrx_word' id='word_1_13' title='bbox 161 133 243 167; x_wconf 83' lang='lat' dir='ltr'>chns</span> <span class='ocrx_word' id='word_1_14' title='bbox 268 133 383 177; x_wconf 79' lang='lat' dir='ltr'>proelio</span> <span class='ocrx_word' id='word_1_15' title='bbox 408 132 441 166; x_wconf 88' lang='lat' dir='ltr'>in</span> <span class='ocrx_word' id='word_1_16' title='bbox 466 135 635 178; x_wconf 88' lang='lat' dir='ltr'>posterum</span> <span class='ocrx_word' id='word_1_17' title='bbox 663 132 748 167; x_wconf 87' lang='lat' dir='ltr'>diem</span> <span class='ocrx_word' id='word_1_18' title='bbox 773 133 989 177; x_wconf 81' lang='lat' dir='ltr'>pronuntiato</span> <span class='ocrx_word' id='word_1_19' title='bbox 1014 133 1204 168; x_wconf 80' lang='lat' dir='ltr'>concionem</span> 
     </span>
     <span class='ocr_line' id='line_1_4' title="bbox 130 183 1205 228; baseline 0 -10"><span class='ocrx_word' id='word_1_20' title='bbox 130 189 147 221; x_wconf 86' lang='grc'><strong><em>7</em></strong></span> <span class='ocrx_word' id='word_1_21' title='bbox 162 183 297 218; x_wconf 78' lang='lat' dir='ltr'><strong>dimisit.</strong></span> <span class='ocrx_word' id='word_1_22' title='bbox 347 184 476 218; x_wconf 84' lang='lat' dir='ltr'>Milites</span> <span class='ocrx_word' id='word_1_23' title='bbox 500 183 578 225; x_wconf 81' lang='lat' dir='ltr'>laeti,</span> <span class='ocrx_word' id='word_1_24' title='bbox 595 183 760 228; x_wconf 85' lang='lat' dir='ltr'>praecipue</span> <span class='ocrx_word' id='word_1_25' title='bbox 784 183 903 228; x_wconf 89' lang='lat' dir='ltr'>quibus</span> <span class='ocrx_word' id='word_1_26' title='bbox 926 196 1051 219; x_wconf 86' lang='lat' dir='ltr'>merces</span> <span class='ocrx_word' id='word_1_27' title='bbox 1076 188 1205 218; x_wconf 74' lang='lat' dir='ltr'>navatae</span> 
     </span>
     <span class='ocr_line' id='line_1_5' title="bbox 162 234 1207 281; baseline 0.001 -12"><span class='ocrx_word' id='word_1_28' title='bbox 162 235 196 269; x_wconf 87' lang='lat' dir='ltr'>iu</span> <span class='ocrx_word' id='word_1_29' title='bbox 221 247 325 269; x_wconf 86' lang='lat' dir='ltr'>unum</span> <span class='ocrx_word' id='word_1_30' title='bbox 348 235 435 270; x_wconf 88' lang='lat' dir='ltr'>diem</span> <span class='ocrx_word' id='word_1_31' title='bbox 458 247 567 279; x_wconf 83' lang='lat' dir='ltr'>operae</span> <span class='ocrx_word' id='word_1_32' title='bbox 589 234 725 269; x_wconf 83' lang='lat' dir='ltr'>libertas</span> <span class='ocrx_word' id='word_1_33' title='bbox 747 235 862 269; x_wconf 77' lang='lat' dir='ltr'>futura</span> <span class='ocrx_word' id='word_1_34' title='bbox 884 238 964 277; x_wconf 82' lang='lat' dir='ltr'>erat,</span> <span class='ocrx_word' id='word_1_35' title='bbox 984 236 1082 270; x_wconf 87' lang='lat' dir='ltr'>armis</span> <span class='ocrx_word' id='word_1_36' title='bbox 1106 248 1207 281; x_wconf 81' lang='lat' dir='ltr'>expe-</span> 
     </span>
     <span class='ocr_line' id='line_1_6' title="bbox 78 285 1206 332; baseline 0.001 -12"><span class='ocrx_word' id='word_1_37' title='bbox 78 286 292 329; x_wconf 88' lang='lat' dir='ltr'>(15)dieudis</span> <span class='ocrx_word' id='word_1_38' title='bbox 322 286 410 332; x_wconf 87' lang='lat' dir='ltr'>quod</span> <span class='ocrx_word' id='word_1_39' title='bbox 438 286 503 320; x_wconf 88' lang='lat' dir='ltr'>diei</span> <span class='ocrx_word' id='word_1_40' title='bbox 532 285 696 331; x_wconf 87' lang='lat' dir='ltr'>reliquum</span> <span class='ocrx_word' id='word_1_41' title='bbox 723 289 933 321; x_wconf 85' lang='lat' dir='ltr'>consumunt.</span> <span class='ocrx_word' id='word_1_42' title='bbox 983 287 1124 321; x_wconf 87' lang='lat' dir='ltr'>Postero</span> <span class='ocrx_word' id='word_1_43' title='bbox 1154 287 1206 321; x_wconf 91' lang='lat' dir='ltr'>die</span> 
     </span>
     <span class='ocr_line' id='line_1_7' title="bbox 164 337 1207 383; baseline 0 -11"><span class='ocrx_word' id='word_1_44' title='bbox 164 337 221 372; x_wconf 80' lang='lat' dir='ltr'>ubi</span> <span class='ocrx_word' id='word_1_45' title='bbox 250 337 345 383; x_wconf 81' lang='lat' dir='ltr'>sigua</span> <span class='ocrx_word' id='word_1_46' title='bbox 373 339 547 382; x_wconf 84' lang='lat' dir='ltr'>coeperunt</span> <span class='ocrx_word' id='word_1_47' title='bbox 576 349 703 378; x_wconf 80' lang='lat' dir='ltr'>canere,</span> <span class='ocrx_word' id='word_1_48' title='bbox 730 337 828 382; x_wconf 85' lang='lat' dir='ltr'>primi</span> <span class='ocrx_word' id='word_1_49' title='bbox 853 337 996 371; x_wconf 88' lang='lat' dir='ltr'>omnium</span> <span class='ocrx_word' id='word_1_50' title='bbox 1022 338 1130 382; x_wconf 78' lang='lat' dir='ltr'>parati</span> <span class='ocrx_word' id='word_1_51' title='bbox 1158 339 1207 372; x_wconf 88' lang='lat' dir='ltr'>in-</span> 
     </span>
     <span class='ocr_line' id='line_1_8' title="bbox 163 387 1207 434; baseline 0 -12"><span class='ocrx_word' id='word_1_52' title='bbox 163 389 351 434; x_wconf 85' lang='lat' dir='ltr'>structique</span> <span class='ocrx_word' id='word_1_53' title='bbox 377 388 417 422; x_wconf 86' lang='lat' dir='ltr'>ad</span> <span class='ocrx_word' id='word_1_54' title='bbox 443 387 636 434; x_wconf 76' lang='lat' dir='ltr'>praetorium</span> <span class='ocrx_word' id='word_1_55' title='bbox 660 388 881 422; x_wconf 86' lang='lat' dir='ltr'>conveniunt:</span> <span class='ocrx_word' id='word_1_56' title='bbox 912 388 980 423; x_wconf 87' lang='lat' dir='ltr'>sole</span> <span class='ocrx_word' id='word_1_57' title='bbox 1008 393 1082 423; x_wconf 86' lang='lat' dir='ltr'>orto</span> <span class='ocrx_word' id='word_1_58' title='bbox 1109 389 1207 423; x_wconf 80' lang='lat' dir='ltr'>Grae-</span> 
     </span>
     <span class='ocr_line' id='line_1_9' title="bbox 132 439 1208 485; baseline -0.001 -11"><span class='ocrx_word' id='word_1_59' title='bbox 132 445 150 474; x_wconf 93' lang='lat'>2</span> <span class='ocrx_word' id='word_1_60' title='bbox 164 440 246 474; x_wconf 83' lang='lat' dir='ltr'>chus</span> <span class='ocrx_word' id='word_1_61' title='bbox 264 440 297 474; x_wconf 91' lang='lat' dir='ltr'>in</span> <span class='ocrx_word' id='word_1_62' title='bbox 314 440 417 474; x_wconf 79' lang='lat' dir='ltr'>aciem</span> <span class='ocrx_word' id='word_1_63' title='bbox 435 439 546 485; x_wconf 81' lang='lat' dir='ltr'>copias</span> <span class='ocrx_word' id='word_1_64' title='bbox 570 439 691 474; x_wconf 87' lang='lat' dir='ltr'>educit.</span> <span class='ocrx_word' id='word_1_65' title='bbox 741 439 815 474; x_wconf 87' lang='lat' dir='ltr'>Nee</span> <span class='ocrx_word' id='word_1_66' title='bbox 837 439 950 473; x_wconf 86' lang='lat' dir='ltr'>hostes</span> <span class='ocrx_word' id='word_1_67' title='bbox 971 451 1096 474; x_wconf 85' lang='lat' dir='ltr'>moram</span> <span class='ocrx_word' id='word_1_68' title='bbox 1113 439 1208 474; x_wconf 85' lang='lat' dir='ltr'>dimi-</span> 
     </span>
     <span class='ocr_line' id='line_1_10' title="bbox 164 489 1206 535; baseline -0.001 -9"><span class='ocrx_word' id='word_1_69' title='bbox 164 491 259 526; x_wconf 74' lang='lat' dir='ltr'>candi</span> <span class='ocrx_word' id='word_1_70' title='bbox 287 491 459 526; x_wconf 80' lang='lat' dir='ltr'>fecerunt:</span> <span class='ocrx_word' id='word_1_71' title='bbox 494 490 607 525; x_wconf 80' lang='lat' dir='ltr'>decem</span> <span class='ocrx_word' id='word_1_72' title='bbox 635 494 763 535; x_wconf 83' lang='lat' dir='ltr'>septem</span> <span class='ocrx_word' id='word_1_73' title='bbox 792 490 894 524; x_wconf 77' lang='lat' dir='ltr'>millia</span> <span class='ocrx_word' id='word_1_74' title='bbox 921 489 1071 535; x_wconf 87' lang='lat' dir='ltr'>peditum</span> <span class='ocrx_word' id='word_1_75' title='bbox 1101 494 1206 533; x_wconf 82' lang='lat' dir='ltr'>erant,</span> 
     </span>
     <span class='ocr_line' id='line_1_11' title="bbox 164 541 1208 586; baseline 0 -10"><span class='ocrx_word' id='word_1_76' title='bbox 164 543 307 576; x_wconf 72' lang='lat' dir='ltr'>maxima</span> <span class='ocrx_word' id='word_1_77' title='bbox 329 555 370 577; x_wconf 78' lang='lat' dir='ltr'>cx</span> <span class='ocrx_word' id='word_1_78' title='bbox 395 545 489 586; x_wconf 80' lang='lat' dir='ltr'>parte</span> <span class='ocrx_word' id='word_1_79' title='bbox 514 542 643 576; x_wconf 84' lang='lat' dir='ltr'>Bruttii</span> <span class='ocrx_word' id='word_1_80' title='bbox 667 553 704 576; x_wconf 82' lang='lat' dir='ltr'>ac</span> <span class='ocrx_word' id='word_1_81' title='bbox 726 541 865 582; x_wconf 80' lang='lat' dir='ltr'>Lucani,</span> <span class='ocrx_word' id='word_1_82' title='bbox 887 541 1015 583; x_wconf 76' lang='lat' dir='ltr'>equites</span> <span class='ocrx_word' id='word_1_83' title='bbox 1038 541 1126 576; x_wconf 85' lang='lat' dir='ltr'>mille</span> <span class='ocrx_word' id='word_1_84' title='bbox 1148 542 1208 576; x_wconf 88' lang='lat' dir='ltr'>du-</span> 
     </span>
     <span class='ocr_line' id='line_1_12' title="bbox 164 592 1208 639; baseline 0.001 -12"><span class='ocrx_word' id='word_1_85' title='bbox 164 594 262 635; x_wconf 82' lang='lat' dir='ltr'>centi,</span> <span class='ocrx_word' id='word_1_86' title='bbox 278 594 366 628; x_wconf 89' lang='lat' dir='ltr'>inter</span> <span class='ocrx_word' id='word_1_87' title='bbox 379 606 460 638; x_wconf 88' lang='lat' dir='ltr'>quos</span> <span class='ocrx_word' id='word_1_88' title='bbox 477 593 575 639; x_wconf 81' lang='lat' dir='ltr'>pauci</span> <span class='ocrx_word' id='word_1_89' title='bbox 592 592 768 627; x_wconf 82' lang='lat' dir='ltr'>admodum</span> <span class='ocrx_word' id='word_1_90' title='bbox 788 593 907 635; x_wconf 81' lang='lat' dir='ltr'>Italici,</span> <span class='ocrx_word' id='word_1_91' title='bbox 923 593 1034 627; x_wconf 82' lang='lat' dir='ltr'>eaeteri</span> <span class='ocrx_word' id='word_1_92' title='bbox 1052 593 1208 628; x_wconf 72' lang='lat' dir='ltr'>Numidae</span> 
     </span>
     <span class='ocr_line' id='line_1_13' title="bbox 132 643 1206 690; baseline -0.001 -11"><span class='ocrx_word' id='word_1_93' title='bbox 132 652 150 680; x_wconf 91' lang='lat'><strong>3</strong></span> <span class='ocrx_word' id='word_1_94' title='bbox 165 645 233 679; x_wconf 87' lang='lat' dir='ltr'>fere</span> <span class='ocrx_word' id='word_1_95' title='bbox 251 657 364 679; x_wconf 88' lang='lat' dir='ltr'>omues</span> <span class='ocrx_word' id='word_1_96' title='bbox 380 645 567 690; x_wconf 83' lang='lat' dir='ltr'>Maurique.</span> <span class='ocrx_word' id='word_1_97' title='bbox 609 644 802 689; x_wconf 79' lang='lat' dir='ltr'>Pugnatum</span> <span class='ocrx_word' id='word_1_98' title='bbox 821 647 871 678; x_wconf 87' lang='lat' dir='ltr'>est</span> <span class='ocrx_word' id='word_1_99' title='bbox 889 647 923 678; x_wconf 89' lang='lat' dir='ltr'>et</span> <span class='ocrx_word' id='word_1_100' title='bbox 941 644 1062 678; x_wconf 80' lang='lat' dir='ltr'>aeriter</span> <span class='ocrx_word' id='word_1_101' title='bbox 1079 647 1112 678; x_wconf 90' lang='lat' dir='ltr'>et</span> <span class='ocrx_word' id='word_1_102' title='bbox 1130 643 1206 678; x_wconf 88' lang='lat' dir='ltr'>diu:</span> 
     </span>
     <span class='ocr_line' id='line_1_14' title="bbox 133 695 1207 741; baseline -0.001 -11"><span class='ocrx_word' id='word_1_103' title='bbox 133 698 325 740; x_wconf 76' lang='lat' dir='ltr'>4quattu0r</span> <span class='ocrx_word' id='word_1_104' title='bbox 348 696 439 730; x_wconf 87' lang='lat' dir='ltr'>horis</span> <span class='ocrx_word' id='word_1_105' title='bbox 463 700 583 730; x_wconf 77' lang='lat' dir='ltr'>neutro</span> <span class='ocrx_word' id='word_1_106' title='bbox 610 695 768 730; x_wconf 82' lang='lat' dir='ltr'>inclinata</span> <span class='ocrx_word' id='word_1_107' title='bbox 796 698 847 729; x_wconf 89' lang='lat' dir='ltr'>est</span> <span class='ocrx_word' id='word_1_108' title='bbox 873 707 994 741; x_wconf 77' lang='lat' dir='ltr'>pugna.</span> <span class='ocrx_word' id='word_1_109' title='bbox 1044 695 1118 730; x_wconf 86' lang='lat' dir='ltr'>Nec</span> <span class='ocrx_word' id='word_1_110' title='bbox 1144 695 1207 729; x_wconf 81' lang='lat' dir='ltr'>alia</span> 
     </span>
     <span class='ocr_line' id='line_1_15' title="bbox 165 746 1209 792; baseline -0.001 -11"><span class='ocrx_word' id='word_1_111' title='bbox 165 747 272 791; x_wconf 76' lang='lat' dir='ltr'>magis</span> <span class='ocrx_word' id='word_1_112' title='bbox 295 747 485 781; x_wconf 83' lang='lat' dir='ltr'>Romanum</span> <span class='ocrx_word' id='word_1_113' title='bbox 508 746 707 792; x_wconf 79' lang='lat' dir='ltr'>impediebat</span> <span class='ocrx_word' id='word_1_114' title='bbox 732 758 784 780; x_wconf 88' lang='lat' dir='ltr'>res</span> <span class='ocrx_word' id='word_1_115' title='bbox 807 758 906 792; x_wconf 83' lang='lat' dir='ltr'>quam</span> <span class='ocrx_word' id='word_1_116' title='bbox 930 746 1040 791; x_wconf 79' lang='lat' dir='ltr'>capita</span> <span class='ocrx_word' id='word_1_117' title='bbox 1061 746 1209 781; x_wconf 85' lang='lat' dir='ltr'>hostium</span> 
     </span>
     <span class='ocr_line' id='line_1_16' title="bbox 165 797 1209 843; baseline -0.001 -11"><span class='ocrx_word' id='word_1_118' title='bbox 165 799 274 843; x_wconf 83' lang='lat' dir='ltr'>pretia</span> <span class='ocrx_word' id='word_1_119' title='bbox 290 798 439 833; x_wconf 76' lang='lat' dir='ltr'>libertati</span> <span class='ocrx_word' id='word_1_120' title='bbox 464 798 571 832; x_wconf 79' lang='lat' dir='ltr'>faeta:</span> <span class='ocrx_word' id='word_1_121' title='bbox 598 810 674 832; x_wconf 78' lang='lat' dir='ltr'>nam</span> <span class='ocrx_word' id='word_1_122' title='bbox 691 800 729 831; x_wconf 85' lang='lat' dir='ltr'>ut</span> <span class='ocrx_word' id='word_1_123' title='bbox 754 797 893 843; x_wconf 87' lang='lat' dir='ltr'>quisque</span> <span class='ocrx_word' id='word_1_124' title='bbox 917 797 1047 832; x_wconf 88' lang='lat' dir='ltr'>hostem</span> <span class='ocrx_word' id='word_1_125' title='bbox 1069 797 1209 843; x_wconf 81' lang='lat' dir='ltr'>impigre</span> 
     </span>
     <span class='ocr_line' id='line_1_17' title="bbox 166 847 1209 895; baseline -0.002 -11"><span class='ocrx_word' id='word_1_126' title='bbox 166 849 344 891; x_wconf 80' lang='lat' dir='ltr'>occiderat,</span> <span class='ocrx_word' id='word_1_127' title='bbox 372 849 515 895; x_wconf 87' lang='lat' dir='ltr'>primum</span> <span class='ocrx_word' id='word_1_128' title='bbox 549 849 657 894; x_wconf 78' lang='lat' dir='ltr'>capite</span> <span class='ocrx_word' id='word_1_129' title='bbox 686 860 773 894; x_wconf 82' lang='lat' dir='ltr'>aegre</span> <span class='ocrx_word' id='word_1_130' title='bbox 805 849 892 883; x_wconf 87' lang='lat' dir='ltr'>inter</span> <span class='ocrx_word' id='word_1_131' title='bbox 920 847 1053 882; x_wconf 77' lang='lat' dir='ltr'>turbam</span> <span class='ocrx_word' id='word_1_132' title='bbox 1085 849 1209 883; x_wconf 86' lang='lat' dir='ltr'>tumul-</span> 
     </span>
     <span class='ocr_line' id='line_1_18' title="bbox 165 898 1211 945; baseline -0.002 -10"><span class='ocrx_word' id='word_1_133' title='bbox 165 904 305 945; x_wconf 83' lang='lat' dir='ltr'>tumque</span> <span class='ocrx_word' id='word_1_134' title='bbox 334 900 533 936; x_wconf 79' lang='lat' dir='ltr'>abscidendo</span> <span class='ocrx_word' id='word_1_135' title='bbox 565 899 695 935; x_wconf 79' lang='lat' dir='ltr'>terebat</span> <span class='ocrx_word' id='word_1_136' title='bbox 728 903 870 944; x_wconf 84' lang='lat' dir='ltr'>tempus,</span> <span class='ocrx_word' id='word_1_137' title='bbox 899 898 1017 934; x_wconf 88' lang='lat' dir='ltr'>deinde</span> <span class='ocrx_word' id='word_1_138' title='bbox 1049 903 1211 945; x_wconf 76' lang='lat' dir='ltr'>occupata</span> 
     </span>
     <span class='ocr_line' id='line_1_19' title="bbox 167 951 1210 997; baseline -0.001 -11"><span class='ocrx_word' id='word_1_139' title='bbox 167 952 289 986; x_wconf 75' lang='lat' dir='ltr'>dextra</span> <span class='ocrx_word' id='word_1_140' title='bbox 320 952 464 986; x_wconf 83' lang='lat' dir='ltr'>tenendo</span> <span class='ocrx_word' id='word_1_141' title='bbox 497 954 597 997; x_wconf 85' lang='lat' dir='ltr'>eaput</span> <span class='ocrx_word' id='word_1_142' title='bbox 630 951 832 985; x_wconf 84' lang='lat' dir='ltr'>fortissimus</span> <span class='ocrx_word' id='word_1_143' title='bbox 871 951 1010 997; x_wconf 84' lang='lat' dir='ltr'>quisque</span> <span class='ocrx_word' id='word_1_144' title='bbox 1042 955 1210 997; x_wconf 84' lang='lat' dir='ltr'>pugnator</span> 
     </span>
     <span class='ocr_line' id='line_1_20' title="bbox 169 1001 1209 1048; baseline -0.002 -10"><span class='ocrx_word' id='word_1_145' title='bbox 169 1016 241 1038; x_wconf 84' lang='lat' dir='ltr'>esse</span> <span class='ocrx_word' id='word_1_146' title='bbox 267 1003 420 1047; x_wconf 81' lang='lat' dir='ltr'>desierat,</span> <span class='ocrx_word' id='word_1_147' title='bbox 446 1003 602 1048; x_wconf 78' lang='lat' dir='ltr'>segnibus</span> <span class='ocrx_word' id='word_1_148' title='bbox 628 1014 666 1037; x_wconf 82' lang='lat' dir='ltr'>ac</span> <span class='ocrx_word' id='word_1_149' title='bbox 690 1001 815 1036; x_wconf 87' lang='lat' dir='ltr'>timidis</span> <span class='ocrx_word' id='word_1_150' title='bbox 843 1002 968 1036; x_wconf 77' lang='lat' dir='ltr'>tradita</span> <span class='ocrx_word' id='word_1_151' title='bbox 992 1014 1104 1048; x_wconf 81' lang='lat' dir='ltr'>pugna</span> <span class='ocrx_word' id='word_1_152' title='bbox 1128 1006 1209 1037; x_wconf 84' lang='lat' dir='ltr'>erat.</span> 
     </span>
     <span class='ocr_line' id='line_1_21' title="bbox 135 1053 1211 1093; baseline 0.002 -6"><span class='ocrx_word' id='word_1_153' title='bbox 135 1058 152 1087; x_wconf 88' lang='lat'><em>5</em></span> <span class='ocrx_word' id='word_1_154' title='bbox 171 1055 271 1092; x_wconf 70' lang='lat' dir='ltr'>Quod</span> <span class='ocrx_word' id='word_1_155' title='bbox 296 1055 354 1090; x_wconf 90' lang='lat' dir='ltr'>ubi</span> <span class='ocrx_word' id='word_1_156' title='bbox 381 1055 508 1090; x_wconf 86' lang='lat' dir='ltr'>tribuni</span> <span class='ocrx_word' id='word_1_157' title='bbox 534 1054 677 1089; x_wconf 84' lang='lat' dir='ltr'>militum</span> <span class='ocrx_word' id='word_1_158' title='bbox 704 1053 852 1088; x_wconf 77' lang='lat' dir='ltr'>Graccho</span> <span class='ocrx_word' id='word_1_159' title='bbox 881 1053 1132 1093; x_wconf 81' lang='lat' dir='ltr'>nuntiaverunt,</span> <span class='ocrx_word' id='word_1_160' title='bbox 1156 1066 1211 1089; x_wconf 87' lang='lat' dir='ltr'>ne-</span> 
     </span>
     <span class='ocr_line' id='line_1_22' title="bbox 168 1105 1211 1150; baseline -0.001 -10"><span class='ocrx_word' id='word_1_161' title='bbox 168 1107 292 1141; x_wconf 85' lang='lat' dir='ltr'>minem</span> <span class='ocrx_word' id='word_1_162' title='bbox 310 1109 454 1141; x_wconf 74' lang='lat' dir='ltr'>stantem</span> <span class='ocrx_word' id='word_1_163' title='bbox 472 1108 545 1150; x_wconf 84' lang='lat' dir='ltr'>jam</span> <span class='ocrx_word' id='word_1_164' title='bbox 564 1105 731 1140; x_wconf 80' lang='lat' dir='ltr'>vulnerari</span> <span class='ocrx_word' id='word_1_165' title='bbox 748 1105 887 1146; x_wconf 86' lang='lat' dir='ltr'>hostem,</span> <span class='ocrx_word' id='word_1_166' title='bbox 907 1105 1088 1140; x_wconf 80' lang='lat' dir='ltr'>carnificari</span> <span class='ocrx_word' id='word_1_167' title='bbox 1102 1105 1211 1150; x_wconf 75' lang='lat' dir='ltr'>jacen-</span> 
     </span>
     <span class='ocr_line' id='line_1_23' title="bbox 168 1155 1212 1202; baseline -0.002 -10"><span class='ocrx_word' id='word_1_168' title='bbox 168 1161 231 1199; x_wconf 78' lang='lat' dir='ltr'>tes,</span> <span class='ocrx_word' id='word_1_169' title='bbox 259 1163 293 1192; x_wconf 83' lang='lat' dir='ltr'>et</span> <span class='ocrx_word' id='word_1_170' title='bbox 318 1158 352 1192; x_wconf 89' lang='lat' dir='ltr'>iu</span> <span class='ocrx_word' id='word_1_171' title='bbox 378 1157 507 1192; x_wconf 80' lang='lat' dir='ltr'>dextris</span> <span class='ocrx_word' id='word_1_172' title='bbox 533 1157 675 1191; x_wconf 88' lang='lat' dir='ltr'>militum</span> <span class='ocrx_word' id='word_1_173' title='bbox 700 1168 760 1201; x_wconf 84' lang='lat' dir='ltr'>pro</span> <span class='ocrx_word' id='word_1_174' title='bbox 789 1155 906 1202; x_wconf 85' lang='lat' dir='ltr'>gladiis</span> <span class='ocrx_word' id='word_1_175' title='bbox 931 1156 1076 1190; x_wconf 81' lang='lat' dir='ltr'>humana</span> <span class='ocrx_word' id='word_1_176' title='bbox 1103 1156 1212 1202; x_wconf 78' lang='lat' dir='ltr'>capita</span> 
     </span>
     <span class='ocr_line' id='line_1_24' title="bbox 169 1207 1213 1254; baseline -0.002 -11"><span class='ocrx_word' id='word_1_177' title='bbox 169 1221 252 1252; x_wconf 86' lang='lat' dir='ltr'>esse,</span> <span class='ocrx_word' id='word_1_178' title='bbox 286 1209 419 1254; x_wconf 86' lang='lat' dir='ltr'>signum</span> <span class='ocrx_word' id='word_1_179' title='bbox 451 1208 523 1242; x_wconf 75' lang='lat' dir='ltr'>dari</span> <span class='ocrx_word' id='word_1_180' title='bbox 555 1220 694 1253; x_wconf 79' lang='lat' dir='ltr'>propere</span> <span class='ocrx_word' id='word_1_181' title='bbox 724 1208 836 1253; x_wconf 78' lang='lat' dir='ltr'>jussit,</span> <span class='ocrx_word' id='word_1_182' title='bbox 870 1207 1070 1253; x_wconf 84' lang='lat' dir='ltr'>projicerent</span> <span class='ocrx_word' id='word_1_183' title='bbox 1104 1207 1213 1252; x_wconf 83' lang='lat' dir='ltr'>capita</span> 
     </span>
     <span class='ocr_line' id='line_1_25' title="bbox 169 1258 1212 1305; baseline -0.001 -11"><span class='ocrx_word' id='word_1_184' title='bbox 169 1259 431 1305; x_wconf 81' lang='lat' dir='ltr'>invaderentque</span> <span class='ocrx_word' id='word_1_185' title='bbox 460 1259 611 1294; x_wconf 85' lang='lat' dir='ltr'>hostem:</span> <span class='ocrx_word' id='word_1_186' title='bbox 645 1259 767 1294; x_wconf 80' lang='lat' dir='ltr'>claram</span> <span class='ocrx_word' id='word_1_187' title='bbox 792 1259 874 1293; x_wconf 81' lang='lat' dir='ltr'>satis</span> <span class='ocrx_word' id='word_1_188' title='bbox 899 1262 932 1293; x_wconf 87' lang='lat' dir='ltr'>et</span> <span class='ocrx_word' id='word_1_189' title='bbox 960 1258 1125 1304; x_wconf 81' lang='lat' dir='ltr'>insignem</span> <span class='ocrx_word' id='word_1_190' title='bbox 1150 1259 1212 1293; x_wconf 85' lang='lat' dir='ltr'>vir-</span> 
     </span>
     <span class='ocr_line' id='line_1_26' title="bbox 172 1313 1213 1350; baseline -0.002 -1"><span class='ocrx_word' id='word_1_191' title='bbox 172 1318 281 1349; x_wconf 86' lang='lat' dir='ltr'>tutem</span> <span class='ocrx_word' id='word_1_192' title='bbox 314 1327 387 1350; x_wconf 87' lang='lat' dir='ltr'>esse</span> <span class='ocrx_word' id='word_1_193' title='bbox 415 1327 476 1349; x_wconf 88' lang='lat' dir='ltr'>nee</span> <span class='ocrx_word' id='word_1_194' title='bbox 503 1314 637 1349; x_wconf 82' lang='lat' dir='ltr'>dubiam</span> <span class='ocrx_word' id='word_1_195' title='bbox 669 1314 858 1348; x_wconf 78' lang='lat' dir='ltr'>libertatem</span> <span class='ocrx_word' id='word_1_196' title='bbox 887 1313 1035 1348; x_wconf 84' lang='lat' dir='ltr'>futuram</span> <span class='ocrx_word' id='word_1_197' title='bbox 1068 1313 1213 1347; x_wconf 85' lang='lat' dir='ltr'>strenuis</span> 
     </span>
     <span class='ocr_line' id='line_1_27' title="bbox 139 1364 1213 1411; baseline -0.001 -12"><span class='ocrx_word' id='word_1_198' title='bbox 139 1373 156 1399; x_wconf 93' lang='lat'>6</span> <span class='ocrx_word' id='word_1_199' title='bbox 172 1366 260 1401; x_wconf 87' lang='lat' dir='ltr'>viris.</span> <span class='ocrx_word' id='word_1_200' title='bbox 310 1366 396 1401; x_wconf 87' lang='lat' dir='ltr'>Tum</span> <span class='ocrx_word' id='word_1_201' title='bbox 421 1365 649 1411; x_wconf 83' lang='lat' dir='ltr'>redintegrata</span> <span class='ocrx_word' id='word_1_202' title='bbox 672 1377 786 1411; x_wconf 80' lang='lat' dir='ltr'>pugna</span> <span class='ocrx_word' id='word_1_203' title='bbox 808 1368 859 1399; x_wconf 88' lang='lat' dir='ltr'>est</span> <span class='ocrx_word' id='word_1_204' title='bbox 883 1368 916 1399; x_wconf 83' lang='lat' dir='ltr'>et</span> <span class='ocrx_word' id='word_1_205' title='bbox 937 1376 1038 1409; x_wconf 86' lang='lat' dir='ltr'>eques</span> <span class='ocrx_word' id='word_1_206' title='bbox 1061 1364 1161 1398; x_wconf 84' lang='lat' dir='ltr'>etiam</span> <span class='ocrx_word' id='word_1_207' title='bbox 1179 1364 1213 1398; x_wconf 88' lang='lat' dir='ltr'>in</span> 
     </span>
     <span class='ocr_line' id='line_1_28' title="bbox 140 1415 1215 1461; baseline -0.002 -10"><span class='ocrx_word' id='word_1_208' title='bbox 140 1423 156 1452; x_wconf 90' lang='lat'><strong>7</strong></span> <span class='ocrx_word' id='word_1_209' title='bbox 171 1417 283 1452; x_wconf 79' lang='lat' dir='ltr'>hostes</span> <span class='ocrx_word' id='word_1_210' title='bbox 309 1417 460 1452; x_wconf 88' lang='lat' dir='ltr'>emissus.</span> <span class='ocrx_word' id='word_1_211' title='bbox 510 1416 643 1454; x_wconf 74' lang='lat' dir='ltr'>Quibus</span> <span class='ocrx_word' id='word_1_212' title='bbox 666 1429 768 1461; x_wconf 86' lang='lat' dir='ltr'>quum</span> <span class='ocrx_word' id='word_1_213' title='bbox 791 1416 930 1461; x_wconf 81' lang='lat' dir='ltr'>impigre</span> <span class='ocrx_word' id='word_1_214' title='bbox 958 1415 1115 1450; x_wconf 83' lang='lat' dir='ltr'>Numidae</span> <span class='ocrx_word' id='word_1_215' title='bbox 1138 1427 1215 1450; x_wconf 87' lang='lat' dir='ltr'>con-</span> 
     </span>
     <span class='ocr_line' id='line_1_29' title="bbox 171 1466 1214 1513; baseline -0.003 -10"><span class='ocrx_word' id='word_1_216' title='bbox 171 1469 354 1503; x_wconf 84' lang='lat' dir='ltr'>currissent</span> <span class='ocrx_word' id='word_1_217' title='bbox 379 1481 440 1503; x_wconf 84' lang='lat' dir='ltr'>nec</span> <span class='ocrx_word' id='word_1_218' title='bbox 465 1468 599 1513; x_wconf 79' lang='lat' dir='ltr'>segnior</span> <span class='ocrx_word' id='word_1_219' title='bbox 623 1467 774 1513; x_wconf 83' lang='lat' dir='ltr'>equitum</span> <span class='ocrx_word' id='word_1_220' title='bbox 800 1479 899 1512; x_wconf 80' lang='lat' dir='ltr'>quam</span> <span class='ocrx_word' id='word_1_221' title='bbox 924 1466 1074 1512; x_wconf 82' lang='lat' dir='ltr'>peditum</span> <span class='ocrx_word' id='word_1_222' title='bbox 1101 1478 1214 1512; x_wconf 80' lang='lat' dir='ltr'>pugna</span> 
     </span>
     <span class='ocr_line' id='line_1_30' title="bbox 140 1518 1214 1563; baseline -0.002 -9"><span class='ocrx_word' id='word_1_223' title='bbox 140 1527 157 1555; x_wconf 90' lang='lat'>8</span> <span class='ocrx_word' id='word_1_224' title='bbox 172 1523 270 1561; x_wconf 85' lang='lat' dir='ltr'>esset,</span> <span class='ocrx_word' id='word_1_225' title='bbox 289 1520 410 1554; x_wconf 85' lang='lat' dir='ltr'>iterum</span> <span class='ocrx_word' id='word_1_226' title='bbox 428 1520 462 1554; x_wconf 85' lang='lat' dir='ltr'>in</span> <span class='ocrx_word' id='word_1_227' title='bbox 479 1519 617 1554; x_wconf 87' lang='lat' dir='ltr'>dubium</span> <span class='ocrx_word' id='word_1_228' title='bbox 640 1519 784 1554; x_wconf 79' lang='lat' dir='ltr'>adducta</span> <span class='ocrx_word' id='word_1_229' title='bbox 799 1531 863 1553; x_wconf 87' lang='lat' dir='ltr'>res.</span> <span class='ocrx_word' id='word_1_230' title='bbox 913 1518 1029 1556; x_wconf 75' lang='lat' dir='ltr'>Quum</span> <span class='ocrx_word' id='word_1_231' title='bbox 1045 1518 1214 1563; x_wconf 87' lang='lat' dir='ltr'>utrimque</span> 
     </span>
     <span class='ocr_line' id='line_1_31' title="bbox 171 1570 1215 1617; baseline -0.003 -10"><span class='ocrx_word' id='word_1_232' title='bbox 171 1572 282 1614; x_wconf 83' lang='lat' dir='ltr'>duces,</span> <span class='ocrx_word' id='word_1_233' title='bbox 309 1573 482 1607; x_wconf 80' lang='lat' dir='ltr'>Romanus</span> <span class='ocrx_word' id='word_1_234' title='bbox 504 1572 678 1607; x_wconf 85' lang='lat' dir='ltr'>Bruttium</span> <span class='ocrx_word' id='word_1_235' title='bbox 698 1572 938 1617; x_wconf 83' lang='lat' dir='ltr'>Lucanumque</span> <span class='ocrx_word' id='word_1_236' title='bbox 959 1570 1083 1605; x_wconf 89' lang='lat' dir='ltr'>totiens</span> <span class='ocrx_word' id='word_1_237' title='bbox 1107 1582 1126 1605; x_wconf 84' lang='lat' dir='ltr'><strong>a</strong></span> <span class='ocrx_word' id='word_1_238' title='bbox 1148 1583 1215 1604; x_wconf 82' lang='lat' dir='ltr'>ma-</span> 
     </span>
     <span class='ocr_line' id='line_1_32' title="bbox 167 1621 1214 1670; baseline -0.003 -12"><span class='ocrx_word' id='word_1_239' title='bbox 167 1624 298 1670; x_wconf 85' lang='lat' dir='ltr'>joribus</span> <span class='ocrx_word' id='word_1_240' title='bbox 323 1624 392 1659; x_wconf 89' lang='lat' dir='ltr'>suis</span> <span class='ocrx_word' id='word_1_241' title='bbox 418 1624 523 1659; x_wconf 88' lang='lat' dir='ltr'>victos</span> <span class='ocrx_word' id='word_1_242' title='bbox 550 1623 782 1669; x_wconf 77' lang='lat' dir='ltr'>subactosque,</span> <span class='ocrx_word' id='word_1_243' title='bbox 808 1624 931 1657; x_wconf 72' lang='lat' dir='ltr'>Poenus</span> <span class='ocrx_word' id='word_1_244' title='bbox 956 1622 1120 1667; x_wconf 76' lang='lat' dir='ltr'>mancipia</span> <span class='ocrx_word' id='word_1_245' title='bbox 1145 1621 1214 1656; x_wconf 84' lang='lat' dir='ltr'>Ro-</span> 
     </span>
     <span class='ocr_line' id='line_1_33' title="bbox 170 1673 1215 1721; baseline -0.003 -11"><span class='ocrx_word' id='word_1_246' title='bbox 170 1688 268 1710; x_wconf 82' lang='lat' dir='ltr'>mana</span> <span class='ocrx_word' id='word_1_247' title='bbox 284 1678 317 1710; x_wconf 91' lang='lat' dir='ltr'>et</span> <span class='ocrx_word' id='word_1_248' title='bbox 335 1688 376 1710; x_wconf 83' lang='lat' dir='ltr'>ex</span> <span class='ocrx_word' id='word_1_249' title='bbox 393 1676 565 1721; x_wconf 79' lang='lat' dir='ltr'>ergastulo</span> <span class='ocrx_word' id='word_1_250' title='bbox 577 1675 715 1710; x_wconf 85' lang='lat' dir='ltr'>militem</span> <span class='ocrx_word' id='word_1_251' title='bbox 730 1674 838 1709; x_wconf 89' lang='lat' dir='ltr'>verbis</span> <span class='ocrx_word' id='word_1_252' title='bbox 853 1673 1031 1714; x_wconf 81' lang='lat' dir='ltr'>obtereret,</span> <span class='ocrx_word' id='word_1_253' title='bbox 1047 1676 1215 1718; x_wconf 83' lang='lat' dir='ltr'>postremo</span> 
     </span>
     <span class='ocr_line' id='line_1_34' title="bbox 169 1724 1215 1771; baseline -0.004 -9"><span class='ocrx_word' id='word_1_254' title='bbox 169 1727 365 1770; x_wconf 85' lang='lat' dir='ltr'>pronuntiat</span> <span class='ocrx_word' id='word_1_255' title='bbox 391 1727 560 1762; x_wconf 82' lang='lat' dir='ltr'>Gracchus</span> <span class='ocrx_word' id='word_1_256' title='bbox 586 1739 658 1762; x_wconf 85' lang='lat' dir='ltr'>esse</span> <span class='ocrx_word' id='word_1_257' title='bbox 679 1726 762 1761; x_wconf 88' lang='lat' dir='ltr'>nihil</span> <span class='ocrx_word' id='word_1_258' title='bbox 788 1725 876 1771; x_wconf 86' lang='lat' dir='ltr'>quod</span> <span class='ocrx_word' id='word_1_259' title='bbox 899 1725 939 1760; x_wconf 89' lang='lat' dir='ltr'>de</span> <span class='ocrx_word' id='word_1_260' title='bbox 964 1724 1118 1759; x_wconf 87' lang='lat' dir='ltr'>libertate</span> <span class='ocrx_word' id='word_1_261' title='bbox 1141 1736 1215 1769; x_wconf 81' lang='lat' dir='ltr'>spe-</span> 
     </span>
    </p>
   </div>
   <div class='ocr_carea' id='block_1_3' title="bbox 976 1790 1298 1921">
    <p class='ocr_par' dir='ltr' id='par_1_3' title="bbox 976 1790 1298 1921">
     <span class='ocr_line' id='line_1_35' title="bbox 976 1790 1298 1921; baseline 0 0"><span class='ocrx_word' id='word_1_262' title='bbox 976 1790 1298 1921; x_wconf 54' lang='lat' dir='ltr'>-d</span> 
     </span>
    </p>
   </div>
  </div>
 </body>
</html>
