1298 1921
371 62 460 93 LIB.
485 59 601 92 XXII.
628 62 767 93 50—52‚
1042 64 1102 94 123

54 105 212 175 tAogaeiiizi
227 138 370 174 nescis.''
418 138 518 174 Mora.
539 140 612 184 ejus
632 137 698 173 diei
720 137 805 173 satis
827 136 978 172 creditur
1000 137 1103 173 saluti

54 191 158 226 fuisse
173 189 250 225 urbi
265 195 365 236 atque
382 189 530 236 imperio.

100 241 241 277 Postero
269 241 322 276 die
350 241 407 276 ubi
433 241 578 286 primum
606 239 728 282 illuxit,
758 239 800 274 ad
827 238 932 285 spolia
960 238 1133 285 legenda5

54 291 241 338 foedamque
268 292 367 327 etiam
397 291 549 327 hostibus
582 290 797 336 spectandam
830 293 977 336 stragem
1006 290 1104 325 insis-

54 345 144 378 tunt.
192 342 358 378 Jacebant
380 346 432 377 tot
450 343 678 378 Romanorum
701 342 813 384 millia,
832 341 962 387 pedites
980 341 1102 386 passim
1114 345 1134 376 6

54 394 260 440 equitesque,
282 397 320 428 ut
344 405 442 440 quem
465 393 584 439 cuique
608 393 677 428 fors
703 395 762 428 aut
785 404 900 438 pugna
916 394 1104 437 junxerant

55 449 113 480 aut
137 445 227 490 fuga.
276 444 510 490 Adsurgentes
538 444 670 491 quidam
695 456 737 479 ex
761 447 874 489 strage
898 442 1008 478 media
1032 446 1134 478 cru-7
1152 443 1161 452 ”

55 497 136 539 enti,
154 508 237 542 quos
254 496 373 530 stricta
389 495 554 530 matutino
571 495 694 542 frigore
712 495 939 530 excitaverant
957 493 1105 537 vulnera,

55 546 96 582 ab
120 547 218 582 hoste
246 547 397 592 oppressi
425 550 514 582 sunt.
565 546 739 584 Quosdam
771 549 806 581 et
832 546 982 591 jacentes
1010 545 1136 580 vivos8

55 598 193 633 succisis
222 597 401 633 feminibus
429 597 678 644 poplitibusque
703 597 912 638 invenerunt,
938 595 1104 631 nudantes

55 649 217 684 cervicem
235 649 459 695 jugulumque
482 653 516 683 et
541 649 705 694 reliquum
729 648 924 694 sanguinem
943 646 1104 692 jubentes

53 699 197 735 haurire.
246 700 382 735 Inventi
403 699 537 746 quidam
562 702 641 734 sunt
663 699 781 734 mersis
803 699 839 733 in
861 699 1014 734 effossam
1037 701 1136 733 ter-9

54 763 125 786 ram
142 751 319 797 capitibus,
339 763 422 797 quos
445 751 508 786 sibi
524 751 615 796 ipsos
639 750 758 785 fecisse
777 750 891 785 foveas
908 749 1105 784 obruentes-

55 816 120 850 que
136 815 194 838 ora
211 806 402 849 superjecta
422 803 524 838 humo
547 803 774 838 interclusisse
791 802 946 848 spiritum
970 813 1104 847 appare-

53 854 123 890 bat.
181 855 357 900 Praecipue
389 854 554 889 convertit
587 866 701 889 omnes
735 853 927 888 subtractus
956 852 1158 888 Numidam

53 908 187 941 mortuo
210 905 485 951 superincubanti
506 905 658 940 Romano
678 905 775 939 vivus
797 916 879 939 uaso
902 903 1105 950 auribusque

53 957 217 1000 laceratis,
235 970 337 1003 quum
359 957 512 992 manibus
529 956 571 992 ad
593 956 790 1002 capiendum
807 956 912 991 telum
929 955 1104 990 inutilibus

53 1008 89 1044 in
106 1008 230 1044 rabiem
247 1009 297 1043 ira
312 1021 408 1043 versa
430 1007 583 1043 laniando
605 1007 761 1043 dentibus
784 1008 915 1042 hostem
940 1007 1105 1052 exspiras-

54 1063 117 1094 set.
166 1059 288 1105 Spolijs
305 1059 347 1094 ad
363 1059 507 1094 multum
532 1059 597 1094 diei
613 1058 709 1094 lectis
726 1058 897 1093 Hannibal
914 1057 956 1092 ad
975 1058 1104 1092 minora
1115 1047 1198 1091 (52)

55 1110 148 1145 ducit
173 1114 283 1146 castra
306 1110 539 1156 oppugnanda,
565 1113 599 1145 et
625 1110 772 1145 omnium
796 1110 941 1155 primum
969 1109 1104 1144 brachio

53 1162 183 1196 flumini
215 1161 347 1206 objecto
379 1174 435 1196 eos
469 1161 626 1196 excludit.
677 1161 845 1196 Caeterum
877 1160 918 1196 ab
951 1160 1136 1195 omnibus2

53 1212 166 1248 labore
191 1213 311 1258 vigiliis
336 1213 529 1248 vulneribus
554 1213 654 1247 etiam
683 1213 780 1247 fessis
808 1212 971 1247 maturior
999 1211 1106 1257 ipsius

54 1277 113 1310 spe
131 1264 254 1299 deditio
272 1268 324 1299 est
347 1265 445 1299 facta.
494 1264 601 1306 Paeti,
620 1268 658 1298 ut
682 1276 773 1298 arma
797 1267 897 1309 atque
920 1275 1023 1310 equos
1040 1264 1138 1297 tra-3

54 1315 181 1357 derent,
202 1315 237 1350 in
253 1315 363 1361 capita
380 1316 533 1351 Romana
551 1315 696 1350 trecenis
719 1316 865 1350 nummis
889 1314 1106 1360 quadrigatis,

53 1367 89 1402 in
114 1367 220 1401 socios
245 1366 392 1409 ducenis,
418 1367 453 1402 in
481 1379 595 1402 servos
620 1367 779 1408 centenis,
806 1372 841 1401 et
865 1369 904 1401 ut
933 1378 973 1401 eo
997 1366 1107 1411 pretio

53 1418 224 1464 persoluto
253 1430 329 1453 cum
358 1418 500 1464 singulis
529 1417 659 1453 abirent
688 1418 906 1460 vestimentis,
933 1417 968 1452 in
996 1422 1108 1453 castra

53 1469 168 1504 hostes
186 1473 386 1514 acceperunt
401 1485 408 1504 z
434 1469 617 1514 traditique
639 1469 674 1504 in
691 1469 875 1504 custodiam
894 1480 1010 1503 omnes
1028 1472 1107 1503 sunt

54 1533 204 1556 seorsum
222 1520 310 1555 cives
333 1521 489 1566 sociique.
540 1521 631 1555 Dum
655 1520 702 1555 ibi
718 1524 852 1566 tempus
869 1520 1002 1560 teritur,
1020 1520 1108 1554 inter
1119 1522 1139 1551 4

54 1584 93 1607 ea
110 1584 213 1618 quum
236 1584 278 1607 ex
300 1572 481 1618 majoribus
504 1572 633 1613 castris,
653 1572 774 1618 quibus
798 1572 881 1607 satis
904 1571 1024 1606 virium
1048 1576 1108 1606 aut

55 1623 156 1658 animi
173 1623 248 1664 fuit,
269 1623 309 1658 ad
327 1628 487 1669 quattuor
504 1623 607 1658 millia
623 1623 793 1658 hominum
811 1627 845 1658 et
864 1623 1000 1658 ducenti
1018 1623 1109 1668 equi-

53 1679 118 1716 tes,
134 1674 189 1708 alii
206 1675 338 1720 agmine
355 1675 409 1709 alii
426 1674 530 1720 palati
548 1674 670 1720 passim
688 1687 748 1719 per
765 1673 1002 1721 agros—quod
1020 1673 1109 1708 haud

53 1726 165 1760 minus
181 1728 295 1760 tutum
320 1725 624 1760 erat—Canusium
649 1725 886 1772 perfugissent,
906 1729 1016 1760 castra
1037 1725 1110 1771 ipsa

55 1776 97 1812 ab
113 1776 235 1812 sauciis
256 1776 450 1824 timidisque
475 1776 590 1812 eadem
612 1776 803 1813 conditione
826 1790 892 1824 qua
914 1777 1019 1812 altera
1040 1782 1111 1812 tra-
