1298 1921
156 41 217 71 208
407 40 443 70 Τ.
469 39 588 70 LIVII
615 40 948 73 HISTORIARUM

155 116 190 149 et
215 113 278 149 sibi
302 113 349 149 sic
374 126 537 160 quemque
563 114 671 150 dicere
696 116 900 152 ‘Hannibali
926 85 1129 162 imperziibr‘i'
1144 85 1201 162 {¹352

123 173 141 202 2
156 177 225 200 rem
242 165 411 200 consulem
427 166 582 201 nomino?
631 167 708 201 Hoc
725 179 810 202 anno
831 168 873 202 ad
892 168 1039 213 Capuam
1057 168 1201 203 Vibellio

155 217 294 252 'rauseae
323 217 492 263 Campano
522 230 650 252 summo
684 219 789 264 equiti
822 220 1019 265 provocanti
1051 233 1201 255 summus

155 268 329 303 Romanus
346 281 447 314 eques
466 269 598 303 Asellus
617 269 775 305 Claudius
799 275 850 306 est
868 272 1061 316 oppositus:
1088 272 1202 305 adver-

157 332 214 354 sus
243 319 375 355 Gallum
400 320 567 365 quondam
599 325 835 365 provocantem
864 323 899 357 in
930 326 1031 368 ponte
1063 323 1202 357 Anienis

157 371 195 405 T.
215 371 379 406 Manlium
403 371 561 406 fidentem
588 375 621 406 et
646 372 757 407 animo
783 376 816 408 et
841 373 967 408 viribus
992 374 1111 408 misere
1135 386 1203 407 nia-

154 422 244 468 jores
273 422 400 456 nostri:
439 422 481 457 ob
510 422 648 457 eandem
675 435 808 458 causam
841 424 929 459 haud
961 424 1075 459 multis
1108 425 1202 459 minis

156 476 234 519 post
260 473 364 508 fuisse
391 485 459 508 non
488 474 687 519 negaverim,
713 487 773 510 cur
797 476 846 510 M.
866 475 1000 510 Valerio
1029 487 1096 510 non
1124 475 1203 510 diffi-

158 524 294 559 deretur
320 523 478 559 adversus
508 524 661 560 similiter
685 529 919 571 provocantem
944 538 1035 560 arma
1060 527 1204 572 capienti

124 575 291 611 3Gallum
324 577 365 610 ad
398 578 577 610 certamen.
628 576 915 614 Quemadmodum
949 577 1078 622 pedites
1112 578 1203 623 equi-

157 628 275 672 tesque
295 630 449 672 optamus
472 631 510 661 ut
533 627 716 671 validiores,
740 629 769 662 si
793 627 912 670 minim,
932 632 974 664 ut
995 641 1093 673 pares
1114 628 1203 663 hosti

157 677 347 719 habeamus,
372 677 421 712 ita
443 677 519 712 duci
545 678 691 713 hostium
713 691 823 714 narem
852 680 1086 724 imperatorem
1113 692 1202 724 quae-

125 738 280 767 4ramus.
330 729 454 770 Quum,
474 729 529 775 qui
554 732 606 764 cst
631 742 779 765 summus
804 730 839 764 in
863 731 998 766 civitate
1024 730 1101 772 dux,
1127 743 1203 765 cum

158 780 346 824 legerimus,
364 783 477 814 tamen
500 783 638 825 repente
661 781 767 816 lectus
790 782 825 816 in
849 794 970 816 annum
994 784 1126 816 creatus
1147 781 1204 816 ad-

158 843 274 867 versus
292 835 439 866 veterem
457 843 494 867 ac
518 835 719 877 perpetuum
741 833 976 877 imperatorem
1000 833 1204 878 comparabi-

158 885 225 924 tur,
242 882 341 917 nullis
359 895 466 928 neque
483 883 642 928 temporis
664 896 725 918 nec
737 884 824 929 juris
846 884 1011 919 inclusum
1029 885 1203 928 angustiis,

160 946 225 979 quo
245 934 355 968 minus
377 934 426 969 ita
447 935 557 969 onmia
580 938 676 979 gerat
699 935 974 980 administretque
996 938 1034 970 ut
1054 940 1205 980 tempora

159 985 378 1030 postulabunt
410 985 508 1020 belli:
546 986 640 1020 nobis
670 990 781 1021 autem
810 987 845 1020 in
877 989 1039 1032 apparatu
1066 986 1138 1031 ipso
1167 999 1205 1022 ac

128 1039 293 1075 5tautu1n
326 1037 561 1071 inchoantibus
594 1050 646 1072 res
679 1050 785 1072 annus
815 1038 1062 1083 circumagitur.
1112 1038 1206 1076 Quo-

159 1087 258 1131 niam,
277 1088 389 1133 quales
407 1089 495 1123 viros
518 1101 630 1123 creare
656 1101 714 1124 vos
736 1089 888 1124 consules
912 1089 1037 1130 deceat,
1056 1089 1136 1124 satis
1154 1092 1205 1124 est

161 1138 297 1181 dictum,
326 1142 431 1174 restat
454 1143 493 1174 ut
522 1152 627 1185 pauca
655 1140 695 1174 de
722 1141 779 1182 eis,
808 1141 842 1174 iu
869 1152 951 1186 quos
978 1140 1206 1186 praerogativae

128 1190 255 1228 6favor
282 1191 462 1234 inelinavit,
489 1191 605 1226 dicam.
656 1192 704 1226 M.
723 1191 877 1226 AEmilius
906 1191 1059 1237 Regillus
1087 1192 1206 1226 fiameu

161 1243 213 1276 est
247 1241 440 1284 Quirinalis,
470 1255 567 1287 quem
600 1255 707 1287 neque
736 1243 869 1277 mittere
899 1243 939 1277 ab
969 1243 1070 1277 sacris
1099 1255 1206 1288 neque

161 1293 305 1328 retinere
333 1305 520 1338 possumus,
551 1296 589 1328 ut
615 1306 682 1328 non
708 1293 805 1328 defun
831 1297 888 1328 aut
913 1294 990 1328 belli
1017 1293 1207 1328 deseramus

128 1350 285 1384 7euram.
340 1344 504 1379 Otacilius
539 1345 660 1379 sororis
693 1357 774 1380 meae
806 1345 904 1379 filiam
939 1357 1074 1379 uxorem
1108 1348 1207 1390 atque

162 1407 203 1430 ex
230 1407 269 1430 ea
297 1394 417 1430 liberos
446 1395 566 1430 habet:
601 1400 757 1430 caeterum
790 1408 857 1430 non
889 1408 927 1430 ea
953 1399 1065 1431 vestra
1092 1396 1128 1430 in
1155 1408 1208 1430 me

162 1446 370 1491 majoresque
402 1459 493 1481 meos
522 1447 641 1481 merita
669 1450 758 1489 sunt,
786 1450 825 1482 ut
853 1460 920 1481 non
948 1448 1111 1491 potiorem
1140 1447 1208 1491 pri-

131 1498 248 1535 svatis
281 1498 585 1533 necessitudinibus
619 1511 688 1534 rem
718 1499 885 1544 publicam
918 1499 1065 1534 habeam.
1125 1499 1208 1536 Qui-

162 1548 245 1584 libet
278 1552 456 1584 nautarum
489 1553 728 1595 vectorumque
760 1550 940 1595 tranquillo
974 1551 1056 1584 mari
1088 1549 1209 1595 guber-

162 1612 241 1635 nare
266 1603 400 1645 potest:
430 1601 487 1635 ubi
513 1614 600 1635 saeva
624 1605 697 1636 orta
725 1605 909 1646 tempestas
935 1605 986 1636 est
1011 1613 1049 1636 ac
1072 1601 1208 1636 turbato

162 1651 246 1686 mari
278 1652 408 1697 rapitur
440 1658 540 1686 vento
574 1653 677 1694 navis,
711 1656 783 1687 tum
817 1653 887 1687 viro
919 1657 953 1687 et
986 1653 1208 1698 gubernatore

130 1713 248 1747 9opus
285 1706 347 1738 est.
407 1703 486 1738 Non
519 1704 700 1749 tranquillo
734 1704 928 1749 navigamus
961 1703 1019 1738 sed
1050 1706 1121 1749 jam
1154 1703 1209 1737 ali-

163 1757 246 1800 quot
274 1755 425 1801 procellis
455 1755 618 1790 submersi
647 1768 738 1801 piene
768 1769 903 1790 sumus:
931 1756 1044 1800 itaque
1069 1755 1142 1799 quis
1168 1755 1208 1789 ad
