1298 1921
445 14 535 45 LIB.
560 13 686 44 XXIV.
710 15 740 50 3,
758 16 788 44 4.
1078 15 1139 44 203

95 56 254 88 A.c.21⁵.]

94 101 155 125 nec
179 90 266 124 sicut
285 88 401 124 urbem
425 88 617 135 prodiderat
640 87 750 123 locum
773 87 953 133 prodendae
978 87 1064 123 arcis
1088 87 1139 123 in-

94 140 257 183 veniebat,
284 140 466 186 transfugit
499 139 540 175 ad
566 140 779 175 Hannonem.
827 139 1015 174 Locrenses
1047 138 1170 174 brevi9

94 198 171 239 post
188 192 299 239 legati,
319 205 420 239 quum
443 192 608 238 permissu
624 191 800 226 Hannonis
818 203 927 226 arcem
943 192 1140 234 intrassent,

94 244 295 291 persuadent
326 249 366 279 ut
397 243 528 279 traduci
559 255 595 278 se
626 242 663 277 in
693 243 820 278 Locros
853 246 1049 287 paterentur
1080 254 1142 277 nec

94 296 214 331 ultima
235 295 376 342 experiri
399 295 533 330 vellent.
581 294 660 329 Jam
676 294 739 329 hoc
755 297 795 329 ut
818 293 882 329 sibi
904 294 1019 329 liceret
1039 293 1193 339 impe-10

95 350 267 383 traverant
289 351 323 382 et
346 346 387 382 ab
411 345 601 382 Hannibale
623 345 733 380 missis
756 345 797 380 ad
819 345 854 380 id
877 345 987 391 ipsum
1010 345 1140 390 legatis.

95 399 153 435 Ita
176 399 357 434 Crotonem
382 410 553 432 excessum
576 400 629 432 est
649 396 851 442 deductique
873 396 1078 431 Crotoniatae
1102 395 1191 431 adll

96 462 187 485 mare
226 462 327 485 naves
365 448 612 484 conscendunt:
654 447 781 483 Locros
817 448 924 483 omnis
961 447 1142 482 multitudo

97 500 324 537 abeunt.—In
344 500 468 546 Apulia
488 512 530 535 ne
554 499 660 534 hiems
678 499 811 545 quidem
835 500 949 545 quieta
969 499 1058 534 inter
1075 498 1194 533 R0-12

96 565 211 588 manos
236 556 337 598 atque
371 551 591 586 Hannibalem
616 553 698 585 erat.
746 550 898 586 Luceriae
927 550 1194 596 Semproniuslss

96 604 220 644 consul,
238 603 411 639 Hannibal
427 602 516 638 haud
533 601 650 646 procul
672 601 774 646 Arpis
792 601 999 637 hibernabat.
1048 601 1144 636 Inter
1156 605 1196 635 14

97 667 153 691 eos
177 655 262 691 levia
285 654 401 700 proelia
424 666 468 689 ex
488 653 659 688 occasione
684 656 743 687 aut
768 653 1022 698 opportunitate
1043 652 1144 696 hujus

97 710 155 742 aut
171 707 260 742 illius
281 706 387 752 partis
413 704 614 746 oriebantur,
633 703 815 749 meliorque
839 704 887 739 eis
912 704 1086 739 Romanus
1111 710 1146 739 et

96 758 132 794 in
148 757 217 793 dies
235 757 363 793 cautior
379 756 551 802 tutiorque
569 755 609 790 ab
626 755 756 790 insidiis
773 754 884 790 fiebat.

143 809 187 845 In
209 808 320 844 Sicilia
341 807 501 843 Romanis
523 806 634 842 omnia
655 810 844 841 mutaverat
869 818 959 841 mors
985 803 1214 845 Hieronism)

97 872 303 907 regnumque
325 859 367 894 ad
391 860 635 904 Hieronymum
658 862 815 902 nepotem
837 859 911 901 ejus
933 857 1144 899 translatum,

97 924 240 957 puerum
252 910 389 946 vixdum
406 910 594 945 libertatem
607 909 730 944 nedum
741 908 1001 943 dominationem
1018 908 1146 943 modice

97 963 255 999 laturum.
302 962 354 997 Ea
391 965 481 1004 aetas,
514 960 549 995 id
580 960 773 1006 ingenium:
814 964 848 995 et
882 964 1012 994 tutores
1045 963 1176 1005 atque2

99 1015 195 1050 amici
227 1013 269 1049 ad
300 1011 579 1058 praecipitandum
610 1012 646 1046 in
678 1011 788 1045 omnia
819 1011 902 1046 vitia
934 1015 1145 1057 acceperunt.

99 1066 185 1104 Quae
210 1065 259 1100 ita
277 1065 393 1099 futura
414 1075 552 1099 cernens
574 1063 683 1098 Hiero
707 1062 826 1097 ultima
843 1067 978 1097 senecta
1002 1062 1177 1097 voluisse3

99 1117 221 1152 dicitur
244 1116 364 1152 liberas
390 1116 570 1161 Syracusas
596 1114 794 1159 relinquere,
818 1126 861 1149 ne
886 1113 949 1148 sub
975 1113 1149 1148 dominatu

98 1168 217 1215 puerili
234 1180 292 1213 per
308 1166 488 1202 ludibrium
504 1165 600 1201 bonis
618 1164 746 1200 artibus
763 1168 897 1210 partum
914 1165 1149 1210 firmatumque

98 1219 251 1255 interiret
270 1231 422 1265 regnum.
471 1217 564 1252 Huic
589 1215 728 1251 consilio
754 1217 828 1260 ejus
851 1227 981 1250 summa
1005 1227 1068 1261 ope
1092 1215 1181 1250 ob-4

100 1271 218 1306 stitere
248 1270 333 1311 filiae,
366 1281 487 1304 nomen
517 1267 647 1314 regium
680 1279 783 1312 penes
816 1279 957 1312 puerum
996 1266 1152 1301 futurum

100 1325 191 1364 ratae,
217 1321 368 1367 regimen
391 1332 503 1355 rerum
524 1318 673 1354 omnium
699 1330 802 1364 penes
827 1330 863 1352 se
887 1317 1043 1364 virosque
1073 1329 1151 1352 suos

100 1372 380 1409 Andranodorum
390 1375 425 1406 et
438 1371 614 1416 Zoippum,
626 1369 683 1415 qui
696 1369 863 1415 regiorum
876 1369 974 1414 primi
985 1368 1146 1415 relinque-

100 1425 234 1461 bantur.
268 1423 348 1458 Non
360 1422 456 1458 facile
467 1426 539 1458 erat
549 1421 799 1467 nonagesimum
808 1420 876 1466 jam
889 1420 1004 1466 aventi
1016 1432 1150 1462 annum
1162 1425 1181 1454 5

101 1477 320 1512 circumsesso
348 1474 418 1509 dies
446 1477 629 1519 noctesque
637 1451 878 1507 omuliebribus
910 1471 1092 1512 blanditiis,
1115 1471 1152 1507 li-

101 1528 218 1563 berare
230 1527 377 1562 animum
390 1528 424 1560 et
437 1528 631 1560 convertere
643 1523 685 1558 ad
697 1523 864 1569 publicam
876 1523 1008 1568 privata
1019 1535 1150 1558 curam:

101 1580 216 1625 itaque
242 1581 373 1613 tutores
401 1577 501 1612 modo
534 1575 722 1622 quindecim
750 1575 847 1620 pueri
870 1575 1038 1620 relinquit,
1069 1586 1153 1620 quos

102 1634 259 1676 precatus
277 1632 329 1665 est
344 1628 499 1670 moriens,
513 1631 553 1662 ut
568 1627 667 1662 fidem
686 1639 767 1672 erga
781 1625 945 1671 populum
961 1627 1153 1661 Romanum

103 1681 346 1728 quinquaginta
367 1691 471 1715 annos
489 1678 529 1714 ab
554 1691 590 1713 se
607 1678 732 1713 cultam
748 1677 942 1712 inviolatam
967 1680 1153 1718 servarent,

99 1734 324 1780 juvenemque
343 1731 413 1767 suis
437 1729 650 1777 potissimum
669 1729 821 1775 vestigiis
842 1729 998 1764 insistere
1019 1728 1154 1770 vellent,
