1298 1921
412 42 501 73 LIB.
525 41 653 73 XXIV.
675 43 808 74 44—46.
1068 45 1131 76 253

91 84 120 108 A.
136 83 162 108 c.
178 83 252 114 21³4

83 122 118 152 et
139 117 206 162 qui,
232 129 334 163 quum
350 116 434 152 illud
456 116 570 163 potius
595 115 764 162 agendum
789 117 892 161 atque
915 115 1131 161 cogitandum

83 168 138 209 sit,
155 168 184 202 si
200 180 266 213 quo
289 168 387 203 modo
408 168 480 203 fieri
496 168 614 214 possit,
634 179 677 203 ne
699 167 756 213 qui
779 167 860 202 socii
877 179 896 201 a
919 167 1043 213 populo
1060 167 1133 202 R0÷

83 231 182 254 mano
206 218 403 262 desciscant,
421 219 456 254 id
480 231 547 253 non
572 219 731 264 cogitent,
755 217 992 253 documentum
1018 222 1131 253 autem

83 269 194 305 dicant
222 270 328 305 statui
352 273 520 315 oportere,
547 270 576 305 si
600 270 674 316 quis
702 269 875 315 resipiscat
900 273 934 305 et
959 270 1129 314 antiquam

82 321 275 356 societatem
292 322 461 366 respiciat.
511 321 612 359 Quod
629 321 658 356 si
674 320 764 356 abire
787 320 829 356 ab
845 321 1006 355 Romanis
1022 320 1130 363 liceat,
1141 326 1162 358 4

81 371 188 407 redire
215 372 257 407 ad
281 385 337 407 eos
359 384 426 407 non
448 373 555 415 liceat,
581 372 635 407 cui
659 371 797 408 dubium
823 384 906 413 esse,
931 372 1013 417 quin
1038 371 1130 406 brevi

82 423 271 458 desiderata
303 423 343 459 ab
376 424 474 459 sociis
507 424 661 459 Romana
692 436 746 458 res
779 423 959 458 foederibus
992 423 1130 457 Punicis

82 475 192 509 onmia
213 475 248 510 in
270 475 371 510 Italia
389 478 510 521 juncta
532 475 645 509 visura
668 474 740 509 sit?
767 487 802 509 se
826 477 939 509 tamen
962 486 1030 508 non
1054 487 1130 509 eum

81 538 165 568 esse,
195 526 252 571 qui
279 526 407 561 Altinio
438 526 515 561 fidei
544 526 721 572 quicquam
753 528 890 560 censeat
918 525 1128 560 habendum:

82 577 141 612 sed
164 577 306 612 mediam
335 580 619 623 consequuturum
649 576 777 611 consilii
802 577 909 613 viam:
935 589 1044 622 neque
1070 589 1130 622 pro

82 628 179 663 hoste
210 641 319 674 neque
350 641 411 674 pro
444 628 535 663 socio
566 628 601 663 in
633 628 813 672 praesentia
843 627 996 663 habitum
1026 627 1131 662 libera

81 679 234 715 custodia
259 679 349 714 haud
372 679 489 725 procul
517 692 536 714 a
564 679 683 714 <nstris
712 679 842 725 placere
869 679 904 714 in
929 679 1040 724 aliqua
1064 679 1130 713 fida

82 731 220 766 civitate
236 743 312 766 eum
335 732 459 766 servari
477 743 536 777 per
552 730 630 766 belli
652 734 806 776 tempus:
833 730 1129 776 perpetrato‘bello

81 785 154 816 tum
179 781 445 825 consultandum,
471 785 588 817 utrum
621 782 713 826 prior
737 781 880 816 defectio
906 782 981 826 plus
1010 782 1129 816 merita

82 833 126 867 sit
151 844 256 878 poenae
280 845 323 868 an
347 834 402 869 hic
427 833 556 868 reditus
581 833 696 868 veuiae.
745 832 849 868 Fabio
875 832 1052 869 adsensum
1078 837 1158 872 est5

82 884 274 930 catenisque
295 884 420 930 ligatus
443 885 588 920 traditus
611 888 645 920 et
666 885 739 930 ipse
763 887 797 919 et
820 884 979 919 comites:
1006 887 1040 919 et
1058 885 1131 919 auri

82 935 164 970 satis
188 948 348 981 magnum
376 936 519 981 pondus,
544 935 634 982 quod
657 948 769 971 secum
793 938 866 970 tum
896 935 1073 975 adtulerat,
1099 936 1130 970 ei

82 987 207 1023 servari
231 988 384 1033 jussum:
416 988 551 1023 Calibus
574 1000 650 1023 eum
675 987 821 1023 interdiu
845 987 991 1022 solutum
1017 991 1130 1022 custo-

83 1038 141 1073 des
174 1038 410 1083 sequebantur,
434 1043 533 1074 nocte
565 1039 713 1074 clausum
748 1038 979 1074 adservabant.
1028 1039 1162 1084 Arpisfi

82 1089 172 1125 domi
198 1089 344 1134 primum
377 1089 558 1125 desiderari
585 1090 755 1136 quaerique
787 1093 839 1125 est
868 1094 1019 1135 eoeptus:
1054 1089 1131 1125 dein

82 1141 170 1176 fama
193 1153 253 1186 per
276 1144 382 1176 totam
407 1141 525 1176 urbem
548 1142 686 1188 vulgata
709 1141 892 1177 tumultum
918 1144 957 1176 ut
980 1141 1131 1186 principe

83 1192 204 1227 amisso
221 1192 311 1234 fecit,
329 1196 489 1239 metuque
511 1205 623 1228 rerum
647 1205 809 1228 novarum
835 1192 1004 1238 extemplo
1021 1193 1131 1227 nuntii

83 1243 186 1278 missi.
236 1244 365 1286 Quibus
397 1256 608 1291 nequaquam
640 1244 786 1279 offensus
820 1244 956 1286 Poenus,
988 1244 1066 1290 quia
1097 1247 1159 1282 et?l

82 1295 191 1340 ipsum
212 1297 252 1330 ut
276 1294 440 1342 ambiguae
464 1295 542 1331 fidei
566 1296 674 1330 virum
695 1301 890 1341 suspectum
909 1294 980 1340 jam
1002 1295 1131 1341 pridem

82 1345 236 1388 habebat,
255 1349 289 1381 et
306 1359 439 1382 causam
461 1350 580 1385 nactus
602 1351 673 1382 erat
695 1351 765 1382 tam
788 1346 867 1382 ditis
885 1346 1028 1382 hominis
1045 1346 1133 1382 bona

81 1396 276 1442 possidendi
298 1398 550 1444 vendendique:
576 1404 736 1434 caeterum
759 1404 798 1433 ut
822 1399 878 1433 irae
903 1398 1009 1444 magis
1032 1410 1130 1444 quam

82 1448 230 1484 avaritiae
246 1448 361 1484 datum
378 1450 552 1485 crederent
569 1450 730 1491 homines,
750 1449 982 1485 crudelitatem
999 1461 1132 1495 quoque

81 1499 242 1545 gravitati
258 1500 386 1535 addidit
409 1501 651 1547 conjugemque
677 1502 750 1547 ejus
773 1513 810 1536 ac
827 1501 948 1536 liberos
970 1501 1006 1537 in
1023 1506 1133 1536 castra

81 1551 217 1593 accitos,
247 1552 432 1596 quaestione
463 1553 556 1598 prius
588 1552 704 1588 habita
736 1556 770 1588 et
802 1553 945 1598 primum
979 1552 1019 1587 de
1052 1553 1134 1598 suga

81 1602 211 1645 Altinii,
238 1602 315 1638 dein
339 1606 501 1650 quantum
526 1604 599 1639 auri
631 1605 828 1651 argentique
861 1604 949 1639 domi
978 1604 1133 1640 relictum

81 1658 180 1696 esset,
198 1655 279 1689 satis
297 1655 441 1701 cognitis
459 1656 612 1691 omnibus
629 1656 722 1691 vivos
740 1656 935 1692 combussit.

130 1705 254 1740 Fabius
281 1706 322 1741 ab
349 1707 508 1742 Suessula
533 1708 705 1753 profectus
729 1710 840 1754 Arpos
869 1708 1014 1753 primum
1039 1707 1225 1748 insti-(46)

81 1756 124 1792 tit
146 1769 354 1803 oppugnare.
404 1759 473 1794 Ubi
499 1772 601 1805 quum
625 1771 644 1794 a
666 1759 858 1806 quingentis
884 1760 952 1795 fere
977 1759 1164 1805 passibus2
