1298 1921
386 53 474 85 LIB.
499 52 625 84 XXIV.
651 51 787 85 25—27.
1059 53 1098 82 23
1105 54 1119 83 1

73 98 107 122 A.
122 97 152 122 c.
166 96 238 127 214]

72 133 172 166 aetate
189 129 290 164 etiam
312 128 428 163 hostes
450 127 555 163 iratos
578 127 756 169 abstinere,
776 138 818 162 ne
839 128 1000 173 tyrannos
1022 125 1122 161 uleis-

72 180 176 216 cendo
209 192 283 226 quae
314 178 464 214 odissent
497 178 623 214 seelera
655 179 720 225 ipsi
752 178 974 214 imitarentur.
1023 177 1155 216 Inter?

72 232 142 267 haee
171 231 373 266 abstractam
402 242 421 265 a
445 230 672 276 penetralibus
696 229 877 276 jugulant:
911 228 947 263 in
974 227 1122 275 virgines

72 282 191 318 deinde
214 294 381 327 respersas
405 281 521 316 matris
547 293 664 317 cruore
689 281 851 327 impetum
873 279 1021 315 faciunt:
1048 291 1122 325 quae

72 333 215 369 alienata
231 336 341 368 mente
364 332 464 367 simul
480 332 574 368 luctu
596 335 754 379 metuque
771 332 863 367 velut
886 334 992 377 captae
1009 331 1123 366 furore

72 397 112 421 eo
136 397 237 420 cursu
261 397 297 420 se
319 397 363 419 ex
387 384 531 420 sacrario
554 384 807 430 proripuerunt,
833 385 882 427 ut,
907 383 936 418 si
960 382 1123 428 effugium

73 437 237 482 patuisset
261 437 296 471 in
320 436 501 482 publicum,
524 436 713 481 impleturae
736 435 853 470 urbem
874 434 1027 470 tumultu
1049 434 1123 469 fue-

72 489 160 524 rint:
194 491 268 523 tum
301 500 432 535 quoque
459 487 550 523 haud
581 499 705 532 magno
738 487 858 522 aedium
891 486 1001 532 spatio
1033 485 1124 521 inter

72 539 198 575 medios
224 543 275 575 tot
300 543 445 574 armatos
470 539 670 585 aliquotiens
692 539 824 584 integro
847 550 985 584 corpore
1008 549 1123 572 evase-

73 595 164 633 runt,
184 591 453 637 tenentibusque‚
473 603 576 636 quum
594 593 646 625 tot
663 602 701 626 ae
719 593 787 625 tam
804 589 920 625 validae
938 588 1124 624 eluctandae

74 655 192 678 manus
208 646 330 686 essent,
348 654 420 677 sese
441 642 656 687 eripuerunt:
682 641 818 676 tandem
836 640 1029 676 vulneribus
1046 652 1124 676 con-

74 694 180 736 feotae,
200 706 303 740 quum
326 694 436 728 omm'a
459 694 645 740 replessent
667 694 839 739 sanguine,
857 693 1026 728 exanimes
1049 704 1122 728 eor-

74 748 225 780 ruerunt.
267 744 466 791 Caedemque
483 757 543 791 per
559 757 595 780 se
611 744 830 780 miserabilem
849 744 1121 780 miserabiliorem
1137 746 1156 775 8

74 809 172 832 casus
204 796 294 838 fecit,
329 796 418 842 quod
449 796 548 842 paulo
581 799 657 843 post
689 796 829 831 nuntius
862 796 954 831 venit
983 795 1123 830 mutatis

74 850 210 893 repente
243 847 286 883 ad
317 847 576 883 misericordiam
609 847 736 890 animis,
770 860 812 883 ne
844 847 1122 882 interficerentur.

73 899 132 934 Ira
147 899 265 934 deinde
288 912 329 935 ex
350 899 577 935 misericordia
598 902 682 941 orta,
707 898 796 946 quod
821 898 904 934 adeo
927 898 1123 934 festinatum
1136 901 1156 932 9

74 950 116 986 ad
133 951 333 997 supplicium
356 963 465 996 neque
487 951 580 986 loeus
598 950 782 996 poenitendi
805 953 864 985 aut
886 962 1059 996 regressus
1083 949 1124 984 ab

74 1003 123 1038 ira
138 1003 275 1039 relictus
289 1006 398 1038 esset:
424 1003 538 1048 itaque
555 1003 696 1038 fremere
713 1002 894 1037 multitudo
912 1005 946 1037 et
963 1002 996 1036 in
1014 1001 1125 1036 locum

74 1053 307 1089 Andranodori
324 1066 363 1089 ae
380 1054 667 1089 Themisti—nam
688 1053 784 1089 ambo
806 1057 966 1100 praetores
989 1053 1125 1088 fuerant

73 1106 256 1141 —comitia
272 1118 417 1152 poscere,
437 1118 510 1152 quae
527 1117 735 1151 nequaquam
753 1117 795 1140 ex
818 1105 987 1140 sententia
1003 1107 1123 1150 praeto-

73 1169 148 1192 rum
177 1157 292 1192 futura
320 1160 442 1192 essent.
491 1157 649 1192 Statutus
679 1160 730 1192 est
759 1156 902 1192 comitiis
931 1155 1022 1191 dies:
1057 1167 1123 1200 quo
1135 1148 1218 1192 (27)

73 1220 135 1244 nec
162 1208 376 1254 opinantibus
405 1208 559 1243 omnibus
588 1220 674 1243 unus
704 1220 746 1243 ex
770 1208 889 1243 ultima
916 1206 1124 1252 turbaEpi-

73 1259 180 1305 eyden
204 1260 397 1302 nominavit,
427 1263 501 1295 tum
529 1259 606 1294 inde
634 1259 720 1294 alius
750 1259 1018 1305 Hippocratem:
1053 1270 1126 1293 cre-

74 1310 199 1346 briores
226 1311 344 1346 deinde
371 1311 422 1346 hae
449 1323 546 1346 voees
575 1313 609 1346 et
636 1322 711 1346 cum
739 1310 828 1345 haud
854 1310 955 1345 dubio
981 1309 1125 1344 adsensu

74 1362 298 1397 multitudinis
316 1375 399 1397 esse.
449 1363 495 1399 Et
512 1367 583 1397 erat
601 1362 740 1397 confusa
756 1362 871 1397 concio
888 1374 955 1396 non
972 1360 1125 1407 populari
1137 1365 1157 1394 2

73 1413 172 1449 modo
189 1413 248 1449 sed
264 1414 399 1449 militari
422 1426 553 1460 quoque
575 1413 684 1456 turba,
704 1426 826 1460 magna
847 1426 889 1449 ex
911 1415 1006 1459 parte
1023 1412 1124 1447 etiam

73 1466 235 1512 perfugis.
252 1467 309 1512 qui
325 1468 436 1501 omnia
451 1479 575 1502 novare
592 1466 782 1512 cupiebant,
800 1465 987 1512 permixtis.
1036 1465 1124 1500 Prae-
1138 1467 1158 1496 3

73 1521 163 1553 tores
189 1517 397 1553 dissimulare
421 1519 539 1564 primo,
558 1522 593 1553 et
617 1518 816 1553 trahendam
840 1530 910 1553 rem
932 1529 1025 1553 esse:
1051 1529 1126 1563 pos-

73 1571 181 1604 tremo
201 1569 283 1605 victi
305 1581 472 1605 consensu
494 1573 528 1604 et
545 1569 743 1605 seditionem
765 1571 954 1605 metuentes
981 1580 1127 1614 pronun-

73 1619 161 1655 tiant
178 1632 235 1655 eos
253 1623 423 1665 praetores.
466 1620 541 1656 Nec
557 1620 605 1656 illi
622 1620 728 1667 primo
746 1621 861 1656 statim
878 1620 982 1656 creati
999 1619 1126 1654 nudare
1139 1620 1161 1650 4

75 1671 156 1716 quid
179 1672 313 1714 vellent,
339 1684 539 1718 quamquam
563 1685 651 1718 aegre
676 1672 829 1708 ferebant
859 1678 893 1708 et
918 1671 959 1707 de
984 1671 1126 1706 induciis

75 1722 203 1757 dierum
221 1723 335 1758 decem
351 1723 479 1770 legatos
496 1724 564 1759 isse
581 1723 623 1759 ad
639 1725 704 1769 Ap.
718 1724 905 1767 Claudium,
920 1726 954 1758 et
971 1723 1128 1769 impetra-

75 1774 121 1809 tis
138 1775 186 1810 eis
203 1774 297 1818 alios,
316 1774 374 1821 qui
399 1774 440 1811 de
456 1775 582 1811 foedere
606 1776 745 1822 antiquo
769 1775 960 1812 renovando
978 1776 1129 1821 agerent,
