1298 1921
418 55 506 87 LIB.
531 54 647 85 XXII.
675 56 724 91 39,
741 57 781 85 40
1066 57 1123 86 111

79 97 329 179 gaterigieiieque
351 129 400 165 illi
421 131 513 166 terra
535 142 643 175 neque
665 130 747 165 mari
766 132 817 165 est
839 142 914 176 pax,
931 129 1030 166 nullae
1048 142 1125 166 eum

77 183 176 218 urbes
201 182 378 228 accipiunt,
403 181 494 216 nulla
517 182 646 223 moenia,
670 182 751 217 nihil
778 194 918 228 usquam
944 182 997 216 sui
1021 181 1124 226 videt,

77 234 111 270 in
128 234 213 269 diem
231 236 330 279 capto
347 233 449 268 vivit:
476 236 606 278 partem
624 233 679 268 vix
701 233 836 268 tertiam
861 233 1028 268 exercitus
1051 233 1124 279 ejus

76 285 186 329 habet,
213 297 312 331 quem
341 284 509 320 Hiberum
538 297 666 319 amnem
700 285 856 330 trajecit:
891 284 1003 330 plures
1036 285 1123 320 fame

76 349 174 384 quam
198 337 287 372 ferro
310 336 507 381 absumpsit,
531 348 592 371 nec
618 336 668 370 his
686 336 800 382 paucis
815 336 884 382 jam
902 337 1028 370 victum
1047 348 1123 382 sup-

74 388 214 435 peditat.
263 387 409 423 Dubitas
428 399 508 433 ergo
526 387 607 433 quin
633 387 777 422 sedendo
801 387 995 432 superaturi
1017 387 1121 422 simus
1134 395 1152 428 7

75 451 150 475 eum
174 439 231 485 qui
253 442 405 474 senescat
430 439 464 473 in
488 438 569 482 dies,
593 451 661 473 non
683 442 888 473 commeatus
905 450 972 473 non
990 439 1119 484 supple·

74 494 225 526 mentum
241 503 309 525 non
325 490 499 535 pecuniam
517 489 663 525 habeat?
689 489 847 535 quamdiu
873 502 934 535 pro
953 490 1120 532 Gereonii,

74 541 203 577 castelli
226 541 358 587 Apuliae
381 541 499 586 inopis,
523 544 692 586 tamquam
718 553 778 586 pro
803 540 1018 587 Carthaginis
1043 553 1121 576 moe-

73 593 228 628 nibus—l
249 592 309 627 sed
332 605 374 627 ne
397 592 556 627 adversus
582 595 616 626 te
639 591 773 638 quidem
799 591 839 626 de
856 604 908 626 me
931 591 1119 637 gloriabor:

75 644 136 679 Cn.
172 644 330 679 Servilius
362 646 463 690 atque
493 643 630 685 Atilius,
663 643 807 688 proximi
843 643 1008 685 consules,
1042 643 1120 678 vide

74 694 352 742 quemadmodum
370 707 445 729 eum
463 694 623 729 ludificati
646 694 734 729 sint:
761 694 831 729 haec
848 706 915 728 una
933 694 1050 729 salutis
1068 697 1121 729 est

73 747 136 790 via,
161 747 200 781 L.
224 746 338 788 Paule,
366 758 465 791 quam
494 745 658 780 difficilem
687 745 911 792 infestamque
940 745 1029 780 cives
1058 745 1122 781 tibi

72 797 179 844 magis
200 810 299 843 quam
324 797 437 832 hostes
463 797 608 832 facient:
635 796 723 832 idem
746 797 832 832 enim
856 797 907 831 tui
933 797 1023 842 quod
1044 796 1122 832 hos-

72 849 157 884 tium
178 848 301 883 mih'tes
324 848 446 891 volent,
465 848 552 883 idem
569 848 678 883 Varro
701 848 818 883 consul
834 848 1009 883 Romanus
1032 848 1123 894 quod.

72 899 244 935 Hannibal
275 900 399 934 Poenus
432 899 614 945 imperator
646 899 780 944 cupiet:
815 898 946 934 duobus
980 898 1122 934 ducibus

71 964 159 986 unus
176 951 312 986 resistas
329 954 482 997 oportet:
508 951 645 986 resistes
669 954 791 994 autem,
810 951 970 986 adversus
995 951 1120 986 famam

71 1014 289 1049 rumoresque
310 1003 482 1038 hominum
508 1003 590 1038 satis
615 1002 643 1037 si
665 1003 780 1037 firmus
799 1003 943 1044 steteris,
962 1002 991 1037 si
1013 1005 1048 1037 te
1065 1015 1123 1037 ne-

73 1067 137 1100 que
156 1054 290 1100 collegae
307 1066 393 1089 vana
409 1054 515 1100 gloria
534 1066 642 1100 neque
667 1057 727 1089 tua
749 1053 834 1089 falsa
857 1053 994 1089 infamia
1010 1066 1123 1089 move-

71 1105 128 1140 rit.
179 1106 366 1140 Veritatem
396 1105 545 1140 laborare
569 1106 668 1140 nimis
697 1118 784 1152 saepe
814 1106 919 1148 aiunt,
950 1105 1150 1152 exstingui8

69 1168 272 1203 numquam:
306 1157 446 1203 gloriam
479 1157 537 1203 qui
565 1157 739 1203 spreverit,
765 1170 841 1192 vere
870 1170 942 1192 eam
971 1157 1119 1193 habebit.

70 1208 158 1250 Sine,
184 1208 340 1243 timidum
365 1220 425 1254 pro
450 1213 550 1243 cauto
574 1208 708 1243 tardum
733 1221 793 1254 pro
823 1208 1033 1244 considerato
1061 1209 1150 1250 im-9

68 1258 187 1295 bellem
211 1272 273 1305 pro
298 1260 406 1306 perito
422 1259 501 1295 belli
522 1263 662 1295 vocent:
692 1260 778 1295 malo
800 1263 835 1295 te
858 1260 990 1306 sapiens
1012 1260 1120 1295 hostis

68 1315 198 1346 metuat
228 1323 327 1356 quam
360 1311 458 1346 stulti
489 1311 578 1346 cives
607 1311 764 1346 laudent:
799 1311 910 1346 onmia
939 1311 1120 1347 audentem

67 1366 260 1398 contemnet
293 1362 473 1406 Hannibal,
505 1362 589 1397 nihil
623 1365 750 1398 temere
787 1366 941 1410 agentem
977 1365 1117 1398 metuet.

68 1413 142 1449 Nec
159 1426 233 1460 ego,
250 1416 290 1448 ut
312 1414 395 1448 nihil
413 1417 533 1460 agatur
550 1413 609 1448 sed
625 1417 664 1449 ut
682 1417 837 1461 agentem
855 1417 890 1449 te
914 1414 1001 1449 ratio
1018 1414 1119 1449 ducat
1133 1425 1172 1455 10

66 1477 134 1500 non
158 1465 316 1500 fortuna:
345 1468 413 1501 tuae
436 1465 615 1511 potestatis
641 1478 772 1511 semper
795 1469 835 1501 tu
859 1468 986 1511 tuaque
1009 1466 1120 1501 omnia

66 1516 144 1559 sint,
157 1519 305 1552 armatus
322 1516 540 1563 intentusque
557 1517 612 1559 sis,
631 1529 740 1563 neque
757 1517 923 1552 occasioni
939 1520 1008 1552 tuae
1027 1517 1118 1552 desis

65 1579 174 1613 neque
199 1580 294 1603 suam
318 1568 525 1604 occasionem
550 1568 640 1603 hosti
666 1568 744 1603 des:
771 1569 881 1603 omnia
904 1581 973 1603 non
996 1580 1118 1614 prope-

64 1619 153 1654 ranti
176 1619 265 1655 clara
289 1622 446 1666 certaque
471 1622 580 1661 erunt,
599 1619 771 1655 festinatio
795 1620 980 1666 improvida
1004 1623 1056 1655 est
1081 1623 1116 1655 et

65 1671 185 1706 caeca.''
233 1671 405 1706 Adversus
435 1683 474 1706 ea
501 1671 609 1706 oratio
636 1672 782 1706 consulis
811 1671 900 1707 haud
930 1684 1010 1707 sane
1037 1674 1114 1707 laeta
1125 1678 1208 1721 (40)

63 1722 140 1765 fuit,
166 1722 273 1769 magis
298 1723 437 1758 fatentis
462 1735 501 1758 ea
528 1735 601 1769 quae
626 1723 752 1758 diceret
777 1736 857 1758 vera
881 1736 980 1770 quam
1005 1723 1116 1759 facilia

64 1774 158 1810 factu
174 1786 267 1810 esse:
294 1774 452 1810 dictatori
472 1774 671 1819 magistrum
695 1775 848 1821 equitum
872 1774 1114 1811 intolerabilem
