<?xml version="1.0" encoding="UTF-8"?>
<!DOCTYPE html PUBLIC "-//W3C//DTD XHTML 1.0 Transitional//EN"
    "http://www.w3.org/TR/xhtml1/DTD/xhtml1-transitional.dtd">
<html xmlns="http://www.w3.org/1999/xhtml" xml:lang="en" lang="en">
 <head>
  <title>
</title>
<meta http-equiv="Content-Type" content="text/html;charset=utf-8" />
  <meta name='ocr-system' content='tesseract 3.04.00' />
  <meta name='ocr-capabilities' content='ocr_page ocr_carea ocr_par ocr_line ocrx_word'/>
</head>
<body>
  <div class='ocr_page' id='page_1' title='image "./booksxxixxivwith00livyuoft_0163.png"; bbox 0 0 1298 1921; ppageno 0'>
   <div class='ocr_carea' id='block_1_1' title="bbox 53 25 1101 92">
    <p class='ocr_par' dir='ltr' id='par_1_1' title="bbox 53 25 1101 92">
     <span class='ocr_line' id='line_1_1' title="bbox 403 25 1101 57; baseline 0.003 -2"><span class='ocrx_word' id='word_1_1' title='bbox 403 25 491 55; x_wconf 89' lang='lat' dir='ltr'>LIB.</span> <span class='ocrx_word' id='word_1_2' title='bbox 516 25 654 56; x_wconf 89' lang='lat' dir='ltr'><strong>XXIII.</strong></span> <span class='ocrx_word' id='word_1_3' title='bbox 679 26 772 56; x_wconf 88' lang='lat'><strong><em>3—5.</em></strong></span> <span class='ocrx_word' id='word_1_4' title='bbox 1044 26 1101 57; x_wconf 81' lang='lat'>141</span> 
     </span>
     <span class='ocr_line' id='line_1_2' title="bbox 53 66 197 92; baseline -0.007 0"><span class='ocrx_word' id='word_1_5' title='bbox 53 67 84 92; x_wconf 74' lang='lat' dir='ltr'>A.</span> <span class='ocrx_word' id='word_1_6' title='bbox 99 68 128 92; x_wconf 84' lang='lat' dir='ltr'>C.</span> <span class='ocrx_word' id='word_1_7' title='bbox 141 66 197 91; x_wconf 83' lang='lat'><strong>216.</strong></span> 
     </span>
    </p>
   </div>
   <div class='ocr_carea' id='block_1_2' title="bbox 52 65 1174 1790">
    <p class='ocr_par' dir='ltr' id='par_1_2' title="bbox 52 65 1174 1790">
     <span class='ocr_line' id='line_1_3' title="bbox 52 65 1098 146; baseline 0.002 -12"><span class='ocrx_word' id='word_1_8' title='bbox 52 65 251 135; x_wconf 66' lang='lat' dir='ltr'>verecundia</span> <span class='ocrx_word' id='word_1_9' title='bbox 263 101 344 143; x_wconf 85' lang='lat' dir='ltr'>erat,</span> <span class='ocrx_word' id='word_1_10' title='bbox 355 99 545 135; x_wconf 84' lang='lat' dir='ltr'>Romanum</span> <span class='ocrx_word' id='word_1_11' title='bbox 559 112 691 146; x_wconf 88' lang='lat' dir='ltr'>quoque</span> <span class='ocrx_word' id='word_1_12' title='bbox 702 104 898 144; x_wconf 77' lang='lat' dir='ltr'>spernerent</span> <span class='ocrx_word' id='word_1_13' title='bbox 910 101 1098 146; x_wconf 85' lang='lat' dir='ltr'>imperium.</span> 
     </span>
     <span class='ocr_line' id='line_1_4' title="bbox 54 150 1134 198; baseline 0.001 -13"><span class='ocrx_word' id='word_1_14' title='bbox 54 151 94 186; x_wconf 87' lang='lat' dir='ltr'>Id</span> <span class='ocrx_word' id='word_1_15' title='bbox 121 150 219 186; x_wconf 91' lang='lat' dir='ltr'>modo</span> <span class='ocrx_word' id='word_1_16' title='bbox 245 154 317 186; x_wconf 88' lang='lat' dir='ltr'>erat</span> <span class='ocrx_word' id='word_1_17' title='bbox 349 152 384 186; x_wconf 88' lang='lat' dir='ltr'>in</span> <span class='ocrx_word' id='word_1_18' title='bbox 409 164 502 186; x_wconf 88' lang='lat' dir='ltr'>mora</span> <span class='ocrx_word' id='word_1_19' title='bbox 527 164 568 186; x_wconf 91' lang='lat' dir='ltr'>ne</span> <span class='ocrx_word' id='word_1_20' title='bbox 595 151 761 197; x_wconf 86' lang='lat' dir='ltr'>extemplo</span> <span class='ocrx_word' id='word_1_21' title='bbox 790 151 978 194; x_wconf 87' lang='lat' dir='ltr'>deficerent,</span> <span class='ocrx_word' id='word_1_22' title='bbox 1009 152 1098 198; x_wconf 90' lang='lat' dir='ltr'>quod</span> <span class='ocrx_word' id='word_1_23' title='bbox 1116 153 1134 183; x_wconf 90' lang='grc'><strong><em>5</em></strong></span> 
     </span>
     <span class='ocr_line' id='line_1_5' title="bbox 52 202 1099 247; baseline 0.002 -11"><span class='ocrx_word' id='word_1_24' title='bbox 52 202 253 237; x_wconf 84' lang='lat' dir='ltr'>connubium</span> <span class='ocrx_word' id='word_1_25' title='bbox 271 205 441 237; x_wconf 86' lang='lat' dir='ltr'>vetustum</span> <span class='ocrx_word' id='word_1_26' title='bbox 459 203 581 237; x_wconf 85' lang='lat' dir='ltr'>multas</span> <span class='ocrx_word' id='word_1_27' title='bbox 603 202 744 237; x_wconf 80' lang='lat' dir='ltr'><strong>familias</strong></span> <span class='ocrx_word' id='word_1_28' title='bbox 760 202 865 237; x_wconf 87' lang='lat' dir='ltr'>claras</span> <span class='ocrx_word' id='word_1_29' title='bbox 883 215 921 238; x_wconf 87' lang='lat' dir='ltr'>ac</span> <span class='ocrx_word' id='word_1_30' title='bbox 944 205 1099 247; x_wconf 82' lang='lat' dir='ltr'>potentes</span> 
     </span>
     <span class='ocr_line' id='line_1_6' title="bbox 52 253 1101 300; baseline 0.002 -13"><span class='ocrx_word' id='word_1_31' title='bbox 52 253 214 288; x_wconf 82' lang='lat' dir='ltr'>Romanis</span> <span class='ocrx_word' id='word_1_32' title='bbox 236 253 425 295; x_wconf 72' lang='lat' dir='ltr'>miscuerat,</span> <span class='ocrx_word' id='word_1_33' title='bbox 452 258 486 289; x_wconf 88' lang='lat' dir='ltr'>et</span> <span class='ocrx_word' id='word_1_34' title='bbox 515 254 613 300; x_wconf 87' lang='lat' dir='ltr'>quod,</span> <span class='ocrx_word' id='word_1_35' title='bbox 638 266 740 299; x_wconf 90' lang='lat' dir='ltr'>quum</span> <span class='ocrx_word' id='word_1_36' title='bbox 766 254 948 289; x_wconf 78' lang='lat' dir='ltr'>militarent</span> <span class='ocrx_word' id='word_1_37' title='bbox 974 254 1101 300; x_wconf 79' lang='lat' dir='ltr'>aliquot</span> 
     </span>
     <span class='ocr_line' id='line_1_7' title="bbox 52 304 1104 351; baseline 0.002 -13"><span class='ocrx_word' id='word_1_38' title='bbox 52 304 142 349; x_wconf 85' lang='lat' dir='ltr'>apud</span> <span class='ocrx_word' id='word_1_39' title='bbox 159 304 339 345; x_wconf 80' lang='lat' dir='ltr'>Romanos,</span> <span class='ocrx_word' id='word_1_40' title='bbox 357 306 537 339; x_wconf 79' lang='lat' dir='ltr'>maximum</span> <span class='ocrx_word' id='word_1_41' title='bbox 555 305 722 340; x_wconf 82' lang='lat' dir='ltr'>vinculum</span> <span class='ocrx_word' id='word_1_42' title='bbox 741 308 835 339; x_wconf 87' lang='lat' dir='ltr'>erant</span> <span class='ocrx_word' id='word_1_43' title='bbox 852 305 996 340; x_wconf 82' lang='lat' dir='ltr'><strong>trecenti</strong></span> <span class='ocrx_word' id='word_1_44' title='bbox 1010 306 1104 351; x_wconf 83' lang='lat' dir='ltr'>equi—</span> 
     </span>
     <span class='ocr_line' id='line_1_8' title="bbox 52 355 1104 402; baseline 0.002 -13"><span class='ocrx_word' id='word_1_45' title='bbox 52 359 114 399; x_wconf 88' lang='lat' dir='ltr'>tes,</span> <span class='ocrx_word' id='word_1_46' title='bbox 147 355 370 390; x_wconf 86' lang='lat' dir='ltr'>nobilissimus</span> <span class='ocrx_word' id='word_1_47' title='bbox 408 357 548 402; x_wconf 85' lang='lat' dir='ltr'>quisque</span> <span class='ocrx_word' id='word_1_48' title='bbox 588 357 841 402; x_wconf 83' lang='lat' dir='ltr'>Campanorum,</span> <span class='ocrx_word' id='word_1_49' title='bbox 878 356 912 390; x_wconf 92' lang='lat' dir='ltr'>in</span> <span class='ocrx_word' id='word_1_50' title='bbox 950 357 1104 402; x_wconf 68' lang='lat' dir='ltr'>praesidia</span> 
     </span>
     <span class='ocr_line' id='line_1_9' title="bbox 55 407 1174 449; baseline 0.001 -8"><span class='ocrx_word' id='word_1_51' title='bbox 55 407 240 441; x_wconf 86' lang='lat' dir='ltr'>Sicularum</span> <span class='ocrx_word' id='word_1_52' title='bbox 252 407 385 442; x_wconf 89' lang='lat' dir='ltr'>urbium</span> <span class='ocrx_word' id='word_1_53' title='bbox 400 407 519 443; x_wconf 86' lang='lat' dir='ltr'>delecti</span> <span class='ocrx_word' id='word_1_54' title='bbox 536 408 577 443; x_wconf 83' lang='lat' dir='ltr'>ab</span> <span class='ocrx_word' id='word_1_55' title='bbox 592 408 751 442; x_wconf 83' lang='lat' dir='ltr'>Romanis</span> <span class='ocrx_word' id='word_1_56' title='bbox 769 420 806 442; x_wconf 88' lang='lat' dir='ltr'>ac</span> <span class='ocrx_word' id='word_1_57' title='bbox 821 408 920 442; x_wconf 86' lang='lat' dir='ltr'>missi.</span> <span class='ocrx_word' id='word_1_58' title='bbox 970 408 1102 443; x_wconf 85' lang='lat' dir='ltr'>Horum</span> <span class='ocrx_word' id='word_1_59' title='bbox 1116 408 1174 449; x_wconf 89' lang='lat'>(5)</span> 
     </span>
     <span class='ocr_line' id='line_1_10' title="bbox 53 459 1104 504; baseline 0.001 -12"><span class='ocrx_word' id='word_1_60' title='bbox 53 461 208 503; x_wconf 85' lang='lat' dir='ltr'>parentes</span> <span class='ocrx_word' id='word_1_61' title='bbox 246 459 446 504; x_wconf 77' lang='lat' dir='ltr'>cognatique</span> <span class='ocrx_word' id='word_1_62' title='bbox 479 471 567 504; x_wconf 72' lang='lat' dir='ltr'>aegre</span> <span class='ocrx_word' id='word_1_63' title='bbox 607 459 821 504; x_wconf 82' lang='lat' dir='ltr'>pervicerunt</span> <span class='ocrx_word' id='word_1_64' title='bbox 854 462 893 493; x_wconf 91' lang='lat' dir='ltr'>ut</span> <span class='ocrx_word' id='word_1_65' title='bbox 925 459 1030 504; x_wconf 81' lang='lat' dir='ltr'>legati</span> <span class='ocrx_word' id='word_1_66' title='bbox 1063 459 1104 494; x_wconf 88' lang='lat' dir='ltr'>ad</span> 
     </span>
     <span class='ocr_line' id='line_1_11' title="bbox 53 509 1138 545; baseline 0 -2"><span class='ocrx_word' id='word_1_67' title='bbox 53 509 222 544; x_wconf 88' lang='lat' dir='ltr'>consulem</span> <span class='ocrx_word' id='word_1_68' title='bbox 256 510 444 544; x_wconf 82' lang='lat' dir='ltr'>Romanum</span> <span class='ocrx_word' id='word_1_69' title='bbox 474 511 700 545; x_wconf 71' lang='lat' dir='ltr'>mitterentur.</span> <span class='ocrx_word' id='word_1_70' title='bbox 750 510 780 545; x_wconf 83' lang='lat' dir='ltr'>Ii</span> <span class='ocrx_word' id='word_1_71' title='bbox 813 509 958 545; x_wconf 84' lang='lat' dir='ltr'>nondum</span> <span class='ocrx_word' id='word_1_72' title='bbox 994 510 1105 545; x_wconf 81' lang='lat' dir='ltr'>Canu·</span> <span class='ocrx_word' id='word_1_73' title='bbox 1120 514 1138 543; x_wconf 91' lang='lat'>2</span> 
     </span>
     <span class='ocr_line' id='line_1_12' title="bbox 53 560 1105 606; baseline 0.002 -12"><span class='ocrx_word' id='word_1_74' title='bbox 53 560 138 595; x_wconf 88' lang='lat' dir='ltr'>sium</span> <span class='ocrx_word' id='word_1_75' title='bbox 154 560 351 606; x_wconf 84' lang='lat' dir='ltr'>profectum,</span> <span class='ocrx_word' id='word_1_76' title='bbox 363 561 422 596; x_wconf 88' lang='lat' dir='ltr'>sed</span> <span class='ocrx_word' id='word_1_77' title='bbox 435 561 592 596; x_wconf 81' lang='lat' dir='ltr'>Venusiae</span> <span class='ocrx_word' id='word_1_78' title='bbox 607 573 682 596; x_wconf 89' lang='lat' dir='ltr'>cum</span> <span class='ocrx_word' id='word_1_79' title='bbox 697 562 811 606; x_wconf 86' lang='lat' dir='ltr'>paucis</span> <span class='ocrx_word' id='word_1_80' title='bbox 825 573 862 596; x_wconf 86' lang='lat' dir='ltr'>ac</span> <span class='ocrx_word' id='word_1_81' title='bbox 876 562 1105 597; x_wconf 85' lang='lat' dir='ltr'>semiermibus</span> 
     </span>
     <span class='ocr_line' id='line_1_13' title="bbox 53 611 1105 658; baseline 0.002 -12"><span class='ocrx_word' id='word_1_82' title='bbox 53 611 223 646; x_wconf 88' lang='lat' dir='ltr'>consulem</span> <span class='ocrx_word' id='word_1_83' title='bbox 237 612 446 654; x_wconf 84' lang='lat' dir='ltr'>invenerunt,</span> <span class='ocrx_word' id='word_1_84' title='bbox 462 625 560 658; x_wconf 85' lang='lat' dir='ltr'>quam</span> <span class='ocrx_word' id='word_1_85' title='bbox 574 615 708 658; x_wconf 86' lang='lat' dir='ltr'>poterat</span> <span class='ocrx_word' id='word_1_86' title='bbox 723 613 866 647; x_wconf 78' lang='lat' dir='ltr'>maxime</span> <span class='ocrx_word' id='word_1_87' title='bbox 884 613 1105 648; x_wconf 80' lang='lat' dir='ltr'>miserabilem</span> 
     </span>
     <span class='ocr_line' id='line_1_14' title="bbox 53 662 1106 710; baseline 0.002 -13"><span class='ocrx_word' id='word_1_88' title='bbox 53 662 148 698; x_wconf 85' lang='lat' dir='ltr'>bonis</span> <span class='ocrx_word' id='word_1_89' title='bbox 169 663 276 706; x_wconf 81' lang='lat' dir='ltr'>sociis,</span> <span class='ocrx_word' id='word_1_90' title='bbox 294 663 447 708; x_wconf 87' lang='lat' dir='ltr'>superbis</span> <span class='ocrx_word' id='word_1_91' title='bbox 470 668 571 710; x_wconf 86' lang='lat' dir='ltr'>atque</span> <span class='ocrx_word' id='word_1_92' title='bbox 593 664 869 699; x_wconf 75' lang='lat' dir='ltr'>infidelibus-ut</span> <span class='ocrx_word' id='word_1_93' title='bbox 890 668 985 700; x_wconf 81' lang='lat' dir='ltr'>erant</span> <span class='ocrx_word' id='word_1_94' title='bbox 1009 665 1106 700; x_wconf 86' lang='lat' dir='ltr'>Cam-</span> 
     </span>
     <span class='ocr_line' id='line_1_15' title="bbox 54 714 1137 762; baseline 0.002 -13"><span class='ocrx_word' id='word_1_95' title='bbox 54 714 414 760; x_wconf 86' lang='lat' dir='ltr'>pani—spernendum.</span> <span class='ocrx_word' id='word_1_96' title='bbox 465 716 513 750; x_wconf 90' lang='lat' dir='ltr'>Et</span> <span class='ocrx_word' id='word_1_97' title='bbox 546 716 639 750; x_wconf 73' lang='lat' dir='ltr'>auxit</span> <span class='ocrx_word' id='word_1_98' title='bbox 672 728 783 750; x_wconf 87' lang='lat' dir='ltr'>rerum</span> <span class='ocrx_word' id='word_1_99' title='bbox 820 728 955 751; x_wconf 86' lang='lat' dir='ltr'>suarum</span> <span class='ocrx_word' id='word_1_100' title='bbox 988 716 1105 762; x_wconf 88' lang='lat' dir='ltr'>suique</span> <span class='ocrx_word' id='word_1_101' title='bbox 1118 722 1137 751; x_wconf 88' lang='lat'><strong>3</strong></span> 
     </span>
     <span class='ocr_line' id='line_1_16' title="bbox 55 767 1105 813; baseline 0.003 -13"><span class='ocrx_word' id='word_1_102' title='bbox 55 769 286 812; x_wconf 84' lang='lat' dir='ltr'>contemptum</span> <span class='ocrx_word' id='word_1_103' title='bbox 319 767 434 802; x_wconf 89' lang='lat' dir='ltr'>consul</span> <span class='ocrx_word' id='word_1_104' title='bbox 471 768 568 802; x_wconf 88' lang='lat' dir='ltr'>nimis</span> <span class='ocrx_word' id='word_1_105' title='bbox 601 767 789 813; x_wconf 86' lang='lat' dir='ltr'>detegendo</span> <span class='ocrx_word' id='word_1_106' title='bbox 818 767 945 802; x_wconf 82' lang='lat' dir='ltr'>cladem</span> <span class='ocrx_word' id='word_1_107' title='bbox 978 768 1105 803; x_wconf 78' lang='lat' dir='ltr'>nudan-</span> 
     </span>
     <span class='ocr_line' id='line_1_17' title="bbox 55 816 1138 865; baseline 0.002 -13"><span class='ocrx_word' id='word_1_108' title='bbox 55 816 172 864; x_wconf 89' lang='lat' dir='ltr'>doque.</span> <span class='ocrx_word' id='word_1_109' title='bbox 223 818 312 852; x_wconf 89' lang='lat' dir='ltr'>Nam</span> <span class='ocrx_word' id='word_1_110' title='bbox 337 831 439 864; x_wconf 88' lang='lat' dir='ltr'>quum</span> <span class='ocrx_word' id='word_1_111' title='bbox 464 819 567 865; x_wconf 85' lang='lat' dir='ltr'>legati</span> <span class='ocrx_word' id='word_1_112' title='bbox 591 831 680 863; x_wconf 77' lang='lat' dir='ltr'>aegre</span> <span class='ocrx_word' id='word_1_113' title='bbox 704 819 792 854; x_wconf 85' lang='lat' dir='ltr'>ferre</span> <span class='ocrx_word' id='word_1_114' title='bbox 821 822 973 854; x_wconf 89' lang='lat' dir='ltr'>senatum</span> <span class='ocrx_word' id='word_1_115' title='bbox 999 824 1138 864; x_wconf 83' lang='lat' dir='ltr'>popu-4</span> 
     </span>
     <span class='ocr_line' id='line_1_18' title="bbox 54 868 1106 916; baseline 0.002 -13"><span class='ocrx_word' id='word_1_116' title='bbox 54 868 189 915; x_wconf 89' lang='lat' dir='ltr'>lumque</span> <span class='ocrx_word' id='word_1_117' title='bbox 207 869 413 915; x_wconf 80' lang='lat' dir='ltr'>Campanum</span> <span class='ocrx_word' id='word_1_118' title='bbox 431 870 561 905; x_wconf 87' lang='lat' dir='ltr'>adversi</span> <span class='ocrx_word' id='word_1_119' title='bbox 584 871 760 916; x_wconf 85' lang='lat' dir='ltr'>quiequam</span> <span class='ocrx_word' id='word_1_120' title='bbox 778 870 926 905; x_wconf 85' lang='lat' dir='ltr'>evenisse</span> <span class='ocrx_word' id='word_1_121' title='bbox 944 871 1106 905; x_wconf 87' lang='lat' dir='ltr'>Romanis</span> 
     </span>
     <span class='ocr_line' id='line_1_19' title="bbox 54 921 1107 968; baseline 0.001 -13"><span class='ocrx_word' id='word_1_122' title='bbox 54 921 266 956; x_wconf 76' lang='lat' dir='ltr'>nuntiassent</span> <span class='ocrx_word' id='word_1_123' title='bbox 283 921 586 968; x_wconf 87' lang='lat' dir='ltr'>pollicerenturque</span> <span class='ocrx_word' id='word_1_124' title='bbox 605 922 715 957; x_wconf 86' lang='lat' dir='ltr'>onmia</span> <span class='ocrx_word' id='word_1_125' title='bbox 732 934 805 967; x_wconf 83' lang='lat' dir='ltr'>quae</span> <span class='ocrx_word' id='word_1_126' title='bbox 823 921 863 956; x_wconf 87' lang='lat' dir='ltr'>ad</span> <span class='ocrx_word' id='word_1_127' title='bbox 880 921 1004 956; x_wconf 90' lang='lat' dir='ltr'>bellum</span> <span class='ocrx_word' id='word_1_128' title='bbox 1022 935 1107 967; x_wconf 88' lang='lat' dir='ltr'>opus</span> 
     </span>
     <span class='ocr_line' id='line_1_20' title="bbox 56 972 1107 1019; baseline 0.002 -13"><span class='ocrx_word' id='word_1_129' title='bbox 56 975 177 1015; x_wconf 87' lang='lat' dir='ltr'>essent,</span> <span class='ocrx_word' id='word_1_130' title='bbox 203 974 221 991; x_wconf 70' lang='lat'>‘⁶</span> <span class='ocrx_word' id='word_1_131' title='bbox 239 972 370 1008; x_wconf 80' lang='lat' dir='ltr'>Morem</span> <span class='ocrx_word' id='word_1_132' title='bbox 394 974 522 1019; x_wconf 80' lang='lat' dir='ltr'>magis&#39;&#39;</span> <span class='ocrx_word' id='word_1_133' title='bbox 547 973 656 1019; x_wconf 88' lang='lat' dir='ltr'>inquit</span> <span class='ocrx_word' id='word_1_134' title='bbox 685 973 878 1019; x_wconf 80' lang='lat' dir='ltr'>“loquendi</span> <span class='ocrx_word' id='word_1_135' title='bbox 906 985 981 1008; x_wconf 89' lang='lat' dir='ltr'>cum</span> <span class='ocrx_word' id='word_1_136' title='bbox 1011 974 1107 1008; x_wconf 86' lang='lat' dir='ltr'>sociis</span> 
     </span>
     <span class='ocr_line' id='line_1_21' title="bbox 56 1023 1107 1071; baseline 0.001 -13"><span class='ocrx_word' id='word_1_137' title='bbox 56 1023 222 1066; x_wconf 85' lang='lat' dir='ltr'>servastis,</span> <span class='ocrx_word' id='word_1_138' title='bbox 242 1024 413 1069; x_wconf 86' lang='lat' dir='ltr'>Campani,</span> <span class='ocrx_word' id='word_1_139' title='bbox 421 1025 580 1070; x_wconf 87' lang='lat' dir='ltr'>jubentes</span> <span class='ocrx_word' id='word_1_140' title='bbox 598 1037 671 1071; x_wconf 79' lang='lat' dir='ltr'>quae</span> <span class='ocrx_word' id='word_1_141' title='bbox 689 1037 773 1070; x_wconf 91' lang='lat' dir='ltr'>opus</span> <span class='ocrx_word' id='word_1_142' title='bbox 790 1027 900 1059; x_wconf 90' lang='lat' dir='ltr'>essent</span> <span class='ocrx_word' id='word_1_143' title='bbox 918 1024 959 1059; x_wconf 84' lang='lat' dir='ltr'>ad</span> <span class='ocrx_word' id='word_1_144' title='bbox 983 1024 1107 1060; x_wconf 90' lang='lat' dir='ltr'>bellum</span> 
     </span>
     <span class='ocr_line' id='line_1_22' title="bbox 55 1075 1107 1122; baseline 0.001 -12"><span class='ocrx_word' id='word_1_145' title='bbox 55 1075 229 1120; x_wconf 87' lang='lat' dir='ltr'>imperare,</span> <span class='ocrx_word' id='word_1_146' title='bbox 260 1088 359 1122; x_wconf 86' lang='lat' dir='ltr'>quam</span> <span class='ocrx_word' id='word_1_147' title='bbox 392 1077 628 1111; x_wconf 85' lang='lat' dir='ltr'>convenienter</span> <span class='ocrx_word' id='word_1_148' title='bbox 660 1075 702 1111; x_wconf 81' lang='lat' dir='ltr'>ad</span> <span class='ocrx_word' id='word_1_149' title='bbox 734 1080 934 1121; x_wconf 67' lang='lat' dir='ltr'>praesentem</span> <span class='ocrx_word' id='word_1_150' title='bbox 955 1076 1107 1112; x_wconf 17' lang='lat' dir='ltr'>*fortunae</span> 
     </span>
     <span class='ocr_line' id='line_1_23' title="bbox 55 1127 1138 1173; baseline 0.005 -13"><span class='ocrx_word' id='word_1_151' title='bbox 55 1129 180 1162; x_wconf 86' lang='lat' dir='ltr'>nostrae</span> <span class='ocrx_word' id='word_1_152' title='bbox 198 1130 322 1161; x_wconf 84' lang='lat' dir='ltr'>statum</span> <span class='ocrx_word' id='word_1_153' title='bbox 340 1127 472 1173; x_wconf 86' lang='lat' dir='ltr'>loquuti</span> <span class='ocrx_word' id='word_1_154' title='bbox 488 1127 578 1163; x_wconf 85' lang='lat' dir='ltr'>estis.</span> <span class='ocrx_word' id='word_1_155' title='bbox 629 1127 722 1165; x_wconf 81' lang='lat' dir='ltr'>Quid</span> <span class='ocrx_word' id='word_1_156' title='bbox 739 1127 827 1162; x_wconf 90' lang='lat' dir='ltr'>enim</span> <span class='ocrx_word' id='word_1_157' title='bbox 844 1127 939 1162; x_wconf 85' lang='lat' dir='ltr'>nobis</span> <span class='ocrx_word' id='word_1_158' title='bbox 961 1127 1005 1162; x_wconf 87' lang='lat' dir='ltr'>ad</span> <span class='ocrx_word' id='word_1_159' title='bbox 1022 1127 1104 1163; x_wconf 88' lang='lat' dir='ltr'>Can·</span> <span class='ocrx_word' id='word_1_160' title='bbox 1119 1136 1138 1165; x_wconf 92' lang='lat'><strong><em>5</em></strong></span> 
     </span>
     <span class='ocr_line' id='line_1_24' title="bbox 55 1178 1106 1225; baseline 0.002 -13"><span class='ocrx_word' id='word_1_161' title='bbox 55 1190 115 1213; x_wconf 86' lang='lat' dir='ltr'>nas</span> <span class='ocrx_word' id='word_1_162' title='bbox 143 1178 295 1213; x_wconf 85' lang='lat' dir='ltr'>relictum</span> <span class='ocrx_word' id='word_1_163' title='bbox 322 1182 383 1220; x_wconf 88' lang='lat' dir='ltr'>est,</span> <span class='ocrx_word' id='word_1_164' title='bbox 411 1182 460 1221; x_wconf 87' lang='lat' dir='ltr'>ut,</span> <span class='ocrx_word' id='word_1_165' title='bbox 487 1179 564 1225; x_wconf 86' lang='lat' dir='ltr'>quia</span> <span class='ocrx_word' id='word_1_166' title='bbox 592 1179 716 1222; x_wconf 77' lang='lat' dir='ltr'>aliquid</span> <span class='ocrx_word' id='word_1_167' title='bbox 740 1179 930 1220; x_wconf 81' lang='lat' dir='ltr'>habeamus,</span> <span class='ocrx_word' id='word_1_168' title='bbox 956 1178 991 1214; x_wconf 89' lang='lat' dir='ltr'>id</span> <span class='ocrx_word' id='word_1_169' title='bbox 1016 1180 1106 1225; x_wconf 87' lang='lat' dir='ltr'>quod</span> 
     </span>
     <span class='ocr_line' id='line_1_25' title="bbox 56 1229 1108 1276; baseline 0.002 -12"><span class='ocrx_word' id='word_1_170' title='bbox 56 1232 107 1264; x_wconf 81' lang='lat' dir='ltr'>est</span> <span class='ocrx_word' id='word_1_171' title='bbox 139 1229 267 1275; x_wconf 84' lang='lat' dir='ltr'>expleri</span> <span class='ocrx_word' id='word_1_172' title='bbox 291 1230 332 1265; x_wconf 88' lang='lat' dir='ltr'>ab</span> <span class='ocrx_word' id='word_1_173' title='bbox 362 1230 459 1265; x_wconf 89' lang='lat' dir='ltr'>sociis</span> <span class='ocrx_word' id='word_1_174' title='bbox 491 1231 658 1266; x_wconf 83' lang='lat' dir='ltr'>velimus?</span> <span class='ocrx_word' id='word_1_175' title='bbox 691 1230 824 1276; x_wconf 85' lang='lat' dir='ltr'>pedites</span> <span class='ocrx_word' id='word_1_176' title='bbox 848 1230 941 1265; x_wconf 82' lang='lat' dir='ltr'>vobis</span> <span class='ocrx_word' id='word_1_177' title='bbox 964 1230 1108 1275; x_wconf 85' lang='lat' dir='ltr'>impere-</span> 
     </span>
     <span class='ocr_line' id='line_1_26' title="bbox 55 1281 1107 1328; baseline 0.002 -13"><span class='ocrx_word' id='word_1_178' title='bbox 55 1293 140 1323; x_wconf 80' lang='lat' dir='ltr'>muS,</span> <span class='ocrx_word' id='word_1_179' title='bbox 173 1284 344 1328; x_wconf 84' lang='lat' dir='ltr'>tamquam</span> <span class='ocrx_word' id='word_1_180' title='bbox 383 1282 513 1328; x_wconf 77' lang='lat' dir='ltr'>equites</span> <span class='ocrx_word' id='word_1_181' title='bbox 545 1282 746 1318; x_wconf 81' lang='lat' dir='ltr'>habeamus?</span> <span class='ocrx_word' id='word_1_182' title='bbox 779 1282 956 1327; x_wconf 88' lang='lat' dir='ltr'>pecuniam</span> <span class='ocrx_word' id='word_1_183' title='bbox 993 1281 1107 1317; x_wconf 87' lang='lat' dir='ltr'>deesse</span> 
     </span>
     <span class='ocr_line' id='line_1_27' title="bbox 56 1331 1109 1379; baseline 0.001 -13"><span class='ocrx_word' id='word_1_184' title='bbox 56 1331 213 1374; x_wconf 80' lang='lat' dir='ltr'>dicamus,</span> <span class='ocrx_word' id='word_1_185' title='bbox 232 1335 402 1379; x_wconf 86' lang='lat' dir='ltr'>tamquam</span> <span class='ocrx_word' id='word_1_186' title='bbox 425 1346 464 1368; x_wconf 88' lang='lat' dir='ltr'>ea</span> <span class='ocrx_word' id='word_1_187' title='bbox 479 1336 613 1368; x_wconf 87' lang='lat' dir='ltr'>tantum</span> <span class='ocrx_word' id='word_1_188' title='bbox 639 1333 751 1368; x_wconf 59' lang='lat' dir='ltr'>desit?</span> <span class='ocrx_word' id='word_1_189' title='bbox 776 1333 901 1367; x_wconf 81' lang='lat' dir='ltr'>nihilne</span> <span class='ocrx_word' id='word_1_190' title='bbox 924 1332 1013 1379; x_wconf 85' lang='lat' dir='ltr'>quod</span> <span class='ocrx_word' id='word_1_191' title='bbox 1030 1346 1109 1378; x_wconf 87' lang='lat' dir='ltr'>sup-</span> 
     </span>
     <span class='ocr_line' id='line_1_28' title="bbox 55 1382 1109 1431; baseline 0.002 -14"><span class='ocrx_word' id='word_1_192' title='bbox 55 1382 222 1428; x_wconf 84' lang='lat' dir='ltr'>pleremus</span> <span class='ocrx_word' id='word_1_193' title='bbox 245 1384 379 1429; x_wconf 88' lang='lat' dir='ltr'>quidem</span> <span class='ocrx_word' id='word_1_194' title='bbox 395 1384 490 1420; x_wconf 90' lang='lat' dir='ltr'>nobis</span> <span class='ocrx_word' id='word_1_195' title='bbox 512 1384 647 1431; x_wconf 84' lang='lat' dir='ltr'>reliquit</span> <span class='ocrx_word' id='word_1_196' title='bbox 664 1384 820 1422; x_wconf 86' lang='lat' dir='ltr'>fortuna:</span> <span class='ocrx_word' id='word_1_197' title='bbox 846 1384 993 1429; x_wconf 87' lang='lat' dir='ltr'>legiones</span> <span class='ocrx_word' id='word_1_198' title='bbox 1018 1384 1109 1430; x_wconf 89' lang='lat' dir='ltr'>equi-</span> 
     </span>
     <span class='ocr_line' id='line_1_29' title="bbox 55 1435 1109 1482; baseline 0.002 -14"><span class='ocrx_word' id='word_1_199' title='bbox 55 1437 148 1469; x_wconf 85' lang='lat' dir='ltr'>tatus</span> <span class='ocrx_word' id='word_1_200' title='bbox 173 1447 265 1470; x_wconf 80' lang='lat' dir='ltr'>arma</span> <span class='ocrx_word' id='word_1_201' title='bbox 286 1435 381 1482; x_wconf 85' lang='lat' dir='ltr'>signa</span> <span class='ocrx_word' id='word_1_202' title='bbox 403 1436 481 1482; x_wconf 89' lang='lat' dir='ltr'>equi</span> <span class='ocrx_word' id='word_1_203' title='bbox 502 1436 630 1482; x_wconf 89' lang='lat' dir='ltr'>virique</span> <span class='ocrx_word' id='word_1_204' title='bbox 655 1436 799 1481; x_wconf 84' lang='lat' dir='ltr'>pecunia</span> <span class='ocrx_word' id='word_1_205' title='bbox 820 1438 1024 1471; x_wconf 84' lang='lat' dir='ltr'>commeatus</span> <span class='ocrx_word' id='word_1_206' title='bbox 1050 1439 1109 1470; x_wconf 90' lang='lat' dir='ltr'>aut</span> 
     </span>
     <span class='ocr_line' id='line_1_30' title="bbox 54 1486 1107 1533; baseline 0.002 -14"><span class='ocrx_word' id='word_1_207' title='bbox 54 1487 91 1519; x_wconf 87' lang='lat' dir='ltr'>in</span> <span class='ocrx_word' id='word_1_208' title='bbox 109 1486 179 1521; x_wconf 86' lang='lat' dir='ltr'>acie</span> <span class='ocrx_word' id='word_1_209' title='bbox 203 1489 261 1521; x_wconf 88' lang='lat' dir='ltr'>aut</span> <span class='ocrx_word' id='word_1_210' title='bbox 282 1486 370 1522; x_wconf 88' lang='lat' dir='ltr'>binis</span> <span class='ocrx_word' id='word_1_211' title='bbox 393 1490 529 1533; x_wconf 84' lang='lat' dir='ltr'>postero</span> <span class='ocrx_word' id='word_1_212' title='bbox 555 1487 607 1523; x_wconf 90' lang='lat' dir='ltr'>die</span> <span class='ocrx_word' id='word_1_213' title='bbox 630 1487 758 1522; x_wconf 87' lang='lat' dir='ltr'>amissis</span> <span class='ocrx_word' id='word_1_214' title='bbox 780 1488 899 1522; x_wconf 86' lang='lat' dir='ltr'>castris</span> <span class='ocrx_word' id='word_1_215' title='bbox 924 1487 1107 1532; x_wconf 87' lang='lat' dir='ltr'>perierunt.</span> 
     </span>
     <span class='ocr_line' id='line_1_31' title="bbox 55 1537 1141 1584; baseline 0.001 -13"><span class='ocrx_word' id='word_1_216' title='bbox 55 1537 179 1583; x_wconf 88' lang='lat' dir='ltr'>Itaque</span> <span class='ocrx_word' id='word_1_217' title='bbox 203 1550 270 1573; x_wconf 89' lang='lat' dir='ltr'>non</span> <span class='ocrx_word' id='word_1_218' title='bbox 287 1538 412 1584; x_wconf 86' lang='lat' dir='ltr'>juvetis</span> <span class='ocrx_word' id='word_1_219' title='bbox 434 1551 494 1574; x_wconf 87' lang='lat' dir='ltr'>nos</span> <span class='ocrx_word' id='word_1_220' title='bbox 517 1539 553 1574; x_wconf 89' lang='lat' dir='ltr'>in</span> <span class='ocrx_word' id='word_1_221' title='bbox 576 1539 663 1574; x_wconf 90' lang='lat' dir='ltr'>bello</span> <span class='ocrx_word' id='word_1_222' title='bbox 685 1542 829 1584; x_wconf 83' lang='lat' dir='ltr'>oportet,</span> <span class='ocrx_word' id='word_1_223' title='bbox 854 1538 1026 1584; x_wconf 84' lang='lat' dir='ltr'>Campani,</span> <span class='ocrx_word' id='word_1_224' title='bbox 1051 1538 1109 1573; x_wconf 89' lang='lat' dir='ltr'>sed</span> <span class='ocrx_word' id='word_1_225' title='bbox 1123 1542 1141 1571; x_wconf 91' lang='lat'><strong>6</strong></span> 
     </span>
     <span class='ocr_line' id='line_1_32' title="bbox 56 1588 1141 1636; baseline 0.003 -13"><span class='ocrx_word' id='word_1_226' title='bbox 56 1601 151 1633; x_wconf 80' lang='lat' dir='ltr'>paene</span> <span class='ocrx_word' id='word_1_227' title='bbox 167 1588 290 1624; x_wconf 87' lang='lat' dir='ltr'>bellum</span> <span class='ocrx_word' id='word_1_228' title='bbox 309 1602 370 1635; x_wconf 88' lang='lat' dir='ltr'>pro</span> <span class='ocrx_word' id='word_1_229' title='bbox 390 1590 486 1625; x_wconf 89' lang='lat' dir='ltr'>nobis</span> <span class='ocrx_word' id='word_1_230' title='bbox 503 1591 707 1636; x_wconf 86' lang='lat' dir='ltr'>suscipiatis.</span> <span class='ocrx_word' id='word_1_231' title='bbox 757 1590 882 1626; x_wconf 84' lang='lat' dir='ltr'>Veniat</span> <span class='ocrx_word' id='word_1_232' title='bbox 899 1589 934 1625; x_wconf 83' lang='lat' dir='ltr'>&#39;m</span> <span class='ocrx_word' id='word_1_233' title='bbox 949 1593 1107 1632; x_wconf 88' lang='lat' dir='ltr'>mentem,</span> <span class='ocrx_word' id='word_1_234' title='bbox 1123 1594 1141 1626; x_wconf 84' lang='lat'><em>7</em></span> 
     </span>
     <span class='ocr_line' id='line_1_33' title="bbox 55 1641 1111 1688; baseline 0.001 -13"><span class='ocrx_word' id='word_1_235' title='bbox 55 1643 95 1675; x_wconf 87' lang='lat' dir='ltr'>ut</span> <span class='ocrx_word' id='word_1_236' title='bbox 112 1641 263 1686; x_wconf 87' lang='lat' dir='ltr'>trepidos</span> <span class='ocrx_word' id='word_1_237' title='bbox 282 1641 448 1687; x_wconf 85' lang='lat' dir='ltr'>quondam</span> <span class='ocrx_word' id='word_1_238' title='bbox 472 1642 614 1688; x_wconf 84' lang='lat' dir='ltr'>majores</span> <span class='ocrx_word' id='word_1_239' title='bbox 631 1645 761 1677; x_wconf 84' lang='lat' dir='ltr'>vestros</span> <span class='ocrx_word' id='word_1_240' title='bbox 779 1642 868 1677; x_wconf 86' lang='lat' dir='ltr'>intra</span> <span class='ocrx_word' id='word_1_241' title='bbox 883 1641 1005 1676; x_wconf 87' lang='lat' dir='ltr'>moenia</span> <span class='ocrx_word' id='word_1_242' title='bbox 1021 1654 1111 1676; x_wconf 91' lang='lat' dir='ltr'>com-</span> 
     </span>
     <span class='ocr_line' id='line_1_34' title="bbox 56 1691 1108 1736; baseline 0.001 -10"><span class='ocrx_word' id='word_1_243' title='bbox 56 1691 183 1736; x_wconf 77' lang='lat' dir='ltr'>pulsos,</span> <span class='ocrx_word' id='word_1_244' title='bbox 193 1704 255 1727; x_wconf 91' lang='lat' dir='ltr'>nec</span> <span class='ocrx_word' id='word_1_245' title='bbox 269 1693 452 1728; x_wconf 82' lang='lat' dir='ltr'>Samnitem</span> <span class='ocrx_word' id='word_1_246' title='bbox 469 1693 567 1728; x_wconf 88' lang='lat' dir='ltr'>modo</span> <span class='ocrx_word' id='word_1_247' title='bbox 586 1694 717 1728; x_wconf 87' lang='lat' dir='ltr'>hostem</span> <span class='ocrx_word' id='word_1_248' title='bbox 731 1693 790 1729; x_wconf 85' lang='lat' dir='ltr'>sed</span> <span class='ocrx_word' id='word_1_249' title='bbox 806 1693 906 1729; x_wconf 87' lang='lat' dir='ltr'>etiam</span> <span class='ocrx_word' id='word_1_250' title='bbox 926 1693 1108 1727; x_wconf 87' lang='lat' dir='ltr'>Sidicinum</span> 
     </span>
     <span class='ocr_line' id='line_1_35' title="bbox 57 1744 1109 1790; baseline 0.001 -11"><span class='ocrx_word' id='word_1_251' title='bbox 57 1746 228 1788; x_wconf 84' lang='lat' dir='ltr'>paventes,</span> <span class='ocrx_word' id='word_1_252' title='bbox 246 1747 404 1790; x_wconf 84' lang='lat' dir='ltr'>receptos</span> <span class='ocrx_word' id='word_1_253' title='bbox 419 1744 456 1780; x_wconf 89' lang='lat' dir='ltr'>in</span> <span class='ocrx_word' id='word_1_254' title='bbox 476 1745 574 1780; x_wconf 89' lang='lat' dir='ltr'>fidem</span> <span class='ocrx_word' id='word_1_255' title='bbox 592 1744 635 1780; x_wconf 84' lang='lat' dir='ltr'>ad</span> <span class='ocrx_word' id='word_1_256' title='bbox 652 1745 835 1781; x_wconf 84' lang='lat' dir='ltr'>Saticulam</span> <span class='ocrx_word' id='word_1_257' title='bbox 852 1744 1109 1787; x_wconf 83' lang='lat' dir='ltr'>defenderimus,</span> 
     </span>
    </p>
   </div>
  </div>
 </body>
</html>
