1298 1921
185 40 248 69 214
440 40 475 71 T.
494 39 614 71 LIVII
640 40 974 72 HISTORIARUM
1066 83 1103 115 [A
1128 84 1147 108 c
1171 84 1219 108 214

183 113 372 148 Tarentinae
393 113 554 157 referunt,
580 117 619 150 ut
641 116 840 151 Hannibalis
865 116 1042 151 amicitiam
1067 129 1105 152 ae
1128 117 1230 151 socie-

183 167 286 199 tatem
307 177 404 210 quam
430 167 543 211 populi
561 167 704 202 Romani
725 168 870 209 mallent,
889 168 1084 213 legatosque
1101 167 1141 202 ab
1159 168 1229 202 suis

183 216 302 251 missos
320 229 436 262 rogare
458 218 678 253 Hannibalem
695 222 734 254 ut
754 220 937 254 exereitum
954 220 1090 265 propius
1106 220 1230 254 Taren-

182 269 255 301 tum
273 267 469 303 admoveat:
496 269 524 303 si
546 269 641 314 signa
663 270 734 314 ejus
752 270 780 305 si
796 274 905 305 eastra
924 274 1101 316 conspecta
1123 283 1143 305 a
1166 271 1229 305 Ta-

182 321 278 353 rento
296 319 372 361 sint,
392 319 479 354 haud
497 320 597 354 ullam
622 321 877 356 intercessuram
900 334 1023 356 moram
1050 322 1129 368 quin
1146 321 1228 356 urbe

182 370 349 412 potiatur:
377 371 410 405 in
428 374 595 416 potestate
607 372 778 417 juniorum
796 373 935 418 plebem,
954 373 988 407 in
1004 386 1103 408 manu
1121 372 1228 418 plebis

149 425 167 454 3
182 433 248 455 rem
267 421 480 456 Tarentinam
498 435 580 482 esf.
630 423 799 458 Hannibal
816 424 1018 459 collaudatos
1039 437 1094 459 eos
1112 436 1228 458 onera-

180 481 300 517 tosque
314 473 506 517 ingentibus
520 474 689 519 promissis
704 474 836 509 domum
851 475 891 510 ad
909 478 1017 521 eoepta
1030 475 1227 510 maturanda

148 523 287 558 4redire
314 524 433 569 jubet:
475 537 510 559 se
543 526 577 559 in
609 529 759 571 tempore
792 526 984 561 adfuturum
1019 539 1101 561 esse.
1152 527 1227 561 Hae

179 586 255 609 eum
278 587 336 620 spe
358 575 485 610 dimissi
509 576 690 611 Tarentini.
740 577 856 622 Ipsum
886 578 1002 623 ingens
1034 577 1154 622 eupido
1180 578 1226 612 in-

178 629 323 660 cesserat
351 626 486 661 Tarenti
515 628 689 673 potiundi:
723 628 839 663 nrbem
865 641 935 663 esse
963 629 1096 663 videbat
1124 641 1225 674 quum

178 677 369 722 opulentam
380 678 587 725 nobilemque
602 682 673 714 tum
686 680 883 714 maritimam
898 684 931 715 et
949 680 983 715 in
994 680 1225 715 Macedoniam

178 732 367 773 opportune
385 741 511 764 versam
527 745 533 764 :
560 742 739 776 regemque
756 731 949 777 Philippum
972 732 1060 766 hune
1080 735 1225 777 portum,

179 780 205 814 si
228 780 385 815 transiret
410 780 444 815 in
470 781 610 823 Italiam,
632 782 846 817 Brundisium
873 795 975 828 quum
999 782 1143 817 Romani
1168 782 1225 817 ha-

147 830 305 872 5berent,
340 832 533 876 petiturum.
596 833 696 867 Sacro
728 833 804 868 inde
838 837 1028 879 perpetrato
1061 833 1102 868 ad
1135 833 1224 879 quod

177 886 323 924 venerat,
342 886 386 924 et,
406 883 484 917 dum
507 883 553 918 ibi
577 888 735 926 moratur,
753 888 945 930 pervastato
970 897 1049 931 agro
1073 885 1223 919 Cumano

176 945 283 978 usque
296 933 337 967 ad
354 934 480 969 Miseni
494 936 765 980 promontorium,
779 936 937 970 Puteolos
955 940 1091 981 repente
1104 949 1223 981 agmen

140 988 158 1015 6
177 985 341 1019 convertit
365 985 405 1020 ad
422 986 674 1030 opprimendum
697 987 885 1031 praesidium
910 987 1107 1022 Romanum.
1158 988 1223 1022 Sex

175 1035 278 1070 millia
299 1036 469 1071 hominum
493 1041 586 1072 erant
604 1043 639 1072 et
660 1038 751 1072 loeus
773 1038 980 1072 munimento
1003 1050 1134 1084 quoque
1156 1051 1222 1073 non

143 1090 159 1123 7
175 1091 296 1122 natura
324 1088 421 1122 modo
448 1091 552 1123 tutus.
601 1089 761 1123 Triduum
786 1089 832 1124 ibi
859 1093 1007 1124 moratus
1033 1090 1155 1124 Poenus
1181 1090 1222 1125 ab

175 1139 265 1173 omni
290 1143 384 1184 parte
410 1142 575 1185 temptato
600 1140 762 1186 prasidio,
788 1140 916 1181 deinde,
940 1145 978 1175 ut
1004 1141 1085 1175 nihil
1109 1154 1222 1187 proee-

175 1189 285 1232 debat,
311 1190 353 1225 ad
374 1191 597 1236 populandum
620 1204 738 1236 agrum
759 1192 1017 1237 Neapolitanum
1043 1193 1148 1238 magis
1173 1195 1223 1227 ira

143 1247 160 1274 8
176 1253 273 1286 quam
296 1242 467 1287 potiundae
491 1243 582 1278 urbis
608 1255 665 1288 spe
688 1244 859 1288 prooessit.
910 1244 1067 1278 Adventu
1092 1245 1164 1288 ejus
1187 1244 1221 1279 in

175 1293 396 1339 propinquum
425 1306 541 1339 agrum
574 1299 665 1328 mota
694 1295 824 1329 Nolana
856 1297 907 1329 est
940 1294 1032 1340 plebs
1060 1297 1131 1340 jam
1164 1295 1221 1330 diu

174 1356 291 1378 aversa
307 1344 347 1379 ab
365 1345 526 1379 Romanis
545 1347 578 1380 et
595 1346 717 1380 infesta
734 1346 863 1380 senatui
881 1358 942 1380 suo
957 1361 963 1380 ε
990 1346 1102 1392 itaque
1119 1346 1219 1392 legati

174 1395 215 1429 ad
233 1396 467 1430 arcessendum
491 1396 713 1431 Hannibalem
733 1409 807 1431 eum
825 1397 914 1431 haud
932 1396 1033 1432 dubio
1056 1398 1219 1443 promisso

142 1447 343 1482 9tradendae
372 1447 462 1482 urbis
490 1451 663 1483 venerunt.
713 1449 879 1483 Praevenit
906 1449 1077 1494 inceptum
1106 1461 1219 1484 eorum

173 1498 354 1533 Marcellus
375 1499 489 1534 eonsul
515 1511 534 1533 a
554 1499 752 1545 primoribus
778 1500 926 1535 accitus:
954 1500 1006 1535 die
1028 1512 1095 1535 uno
1121 1501 1219 1535 Sues-

173 1550 277 1585 sulam
304 1563 323 1585 a
344 1551 489 1594 Calibus,
515 1565 615 1598 quum
645 1552 836 1587 Vulturnus
861 1553 966 1587 amnis
998 1553 1218 1598 trajicientem

172 1604 321 1636 moratus
354 1607 453 1645 esset,
481 1603 708 1645 contenderat,
739 1604 815 1638 inde
848 1604 1000 1649 proxima
1031 1607 1129 1639 noete
1158 1616 1218 1638 sex

173 1653 274 1688 millia
306 1654 466 1699 peditum,
501 1655 557 1700 qui
591 1655 743 1700 praesidio
776 1655 908 1690 senatui
940 1663 1062 1698 essent,
1095 1655 1217 1689 Nolam

122 1709 159 1738 10
173 1704 363 1740 intromisit.
411 1706 457 1741 Et
475 1706 525 1741 uti
548 1718 567 1740 a
584 1706 718 1740 consule
736 1707 845 1741 onmia
868 1707 1009 1752 impigre
1026 1708 1117 1741 faeta
1136 1710 1217 1740 sunt

172 1756 214 1791 ad
237 1758 529 1804 praeoccupandam
555 1759 686 1800 Nolam,
710 1759 758 1793 ita
780 1759 952 1794 Hannibal
973 1762 1107 1804 tempus
1130 1761 1217 1793 tere-
