1298 1921
0 0 1298 21 ffi—

397 77 486 107 LIB.
512 75 631 106 xxii.
654 78 706 111 27,
724 78 775 107 28.
1052 101 1055 104 Α
1076 75 1116 104 99

65 120 99 144 A.
113 119 141 144 0.
157 118 186 143 21
207 138 212 144 .

64 118 204 197 semper?
215 117 432 186 incursurum
456 150 496 185 ad
521 150 751 185 obsistendum
775 149 857 184 satis
879 150 1016 190 sciebat,
1040 159 1118 183 con-

63 203 205 238 trahere.
255 203 346 248 Ager
363 203 468 237 omnis
486 202 614 237 medius
638 206 710 237 erat
737 202 842 247 prima
859 202 969 246 specie
987 200 1116 234 inutilis
1130 202 1150 231 4

62 253 256 296 insidiatori,
284 254 361 299 quia
385 266 452 288 non
474 253 570 287 modo
597 253 749 288 silvestre
779 253 955 298 quicquam
987 251 1045 286 sed
1075 263 1116 285 ne

62 304 217 351 vepribus
235 304 365 350 quidem
385 305 544 339 vestitum
568 304 721 346 habebat,
741 317 776 339 re
795 304 866 349 ipsa
883 307 983 338 natus
1001 308 1117 347 tegen-

62 355 112 391 dis
144 355 272 391 insidiis
300 368 339 391 eo
368 356 484 402 magis,
514 355 602 401 quod
630 356 664 390 iu
691 355 781 390 nuda
807 354 892 389 valle
922 354 1012 388 nulla
1040 354 1117 388 talis

61 407 152 442 fraus
185 407 295 442 timeri
329 412 480 452 poterat:
522 411 556 442 et
589 410 684 442 erant
718 407 753 441 iu
785 405 993 440 anfractibus
1028 416 1116 439 cava}

61 470 171 503 rupes,
205 462 244 493 ut
277 458 426 504 quaedam
459 471 573 493 earum
606 458 754 493 ducenos
796 461 940 492 armatos
978 459 1116 501 possent

61 521 189 554 capere.
238 510 280 544 In
309 510 367 544 has
396 509 550 552 latebras,
581 514 662 556 quot
696 521 862 555 quemque
895 508 1005 543 locum
1038 511 1147 552 apte5

59 560 203 595 insidere
235 564 403 606 poterant,
435 561 581 607 quinque
615 560 717 595 millia
744 560 935 595 conduntur
964 558 1113 605 peditum

60 612 295 658 equitumque:
321 611 441 647 necubi
465 615 578 647 tamen
603 615 660 646 aut
686 615 798 646 motus
824 611 965 656 alicujus
990 614 1116 645 temere

59 663 187 708 egressi
205 667 262 697 aut
280 663 390 708 fulgor
407 675 573 698 armorum
592 662 743 698 fraudem
760 663 795 697 in
813 662 896 697 valle
914 666 982 696 tam
1001 664 1117 707 aperta

59 713 241 751 deteoreret.
260 715 369 749 missis
387 715 500 760 paucis
518 715 625 760 prima
642 714 716 749 luce
737 714 779 748 ad
800 713 998 758 capiendum
1017 725 1116 759 quem

59 768 137 800 aute
153 765 295 800 diximus
312 766 479 800 tumulum
506 766 628 800 avertit
654 765 767 800 oculos
793 765 952 799 hostium.
1002 764 1148 799 Prin106

59 817 170 851 statim
198 821 380 862 conspectu
409 820 603 862 contempta
631 817 792 862 paucitas,
819 828 856 851 ac
882 815 946 851 sibi
974 815 1115 861 quisque

58 867 237 913 deposcere
262 868 432 914 pellendos
457 868 534 904 inde
563 868 677 903 hostes
704 868 745 903 ad
769 868 880 903 locum
905 866 1114 913 capiendum.

57 919 139 954 Dux
162 919 234 965 ipse
256 920 344 954 inter
373 920 607 955 stolidissimos
632 920 924 965 ferocissimosque
954 918 996 953 ad
1025 921 1148 953 arma7

57 973 164 1013 vocat,
182 974 216 1006 et
233 971 326 1006 vanis
350 971 467 1006 animis
490 975 524 1006 et
548 971 646 1006 minis
670 971 820 1017 increpat
847 971 998 1005 hostem:
1026 971 1116 1016 prin-

57 1022 145 1066 cipio
162 1022 265 1057 levem
286 1026 488 1057 armaturam
506 1022 657 1066 dimittit,
674 1022 794 1057 deinde
811 1025 966 1057 conserto
984 1021 1116 1067 agmine

56 1073 163 1108 mittit
180 1074 320 1119 equites,
336 1077 516 1120 postremo,
528 1086 630 1118 quum
649 1073 803 1109 hostibus
820 1085 953 1119 quoque
967 1072 1116 1107 subsidia

56 1124 147 1159 mitti
163 1125 302 1167 videret,
328 1125 504 1160 instructis
527 1125 715 1171 legionibus
739 1125 901 1171 procedit.
950 1124 996 1159 Et
1021 1124 1112 1158 Han·
1127 1130 1146 1159 8

55 1175 146 1210 nibal
177 1176 405 1211 laborantibus
439 1177 509 1211 suis
542 1177 607 1211 alia
640 1181 741 1222 atque
775 1176 839 1211 alia
870 1178 909 1211 ut
943 1179 1114 1210 crescente

56 1227 235 1262 certamine
253 1228 391 1262 mittens
410 1228 536 1262 auxilia
553 1227 702 1273 peditum
725 1228 943 1273 equitumque
955 1229 1026 1271 jam
1042 1228 1114 1272 jus-

55 1280 124 1312 tam
148 1278 341 1323 expleverat
367 1279 482 1319 aciem,
501 1291 538 1314 ac
563 1279 645 1313 totis
668 1279 837 1324 utrimque
861 1278 987 1313 viribus
1009 1282 1112 1312 certa-

54 1331 122 1364 tur.
171 1330 285 1364 Prima
300 1330 382 1365 levis
400 1333 570 1365 armatura
586 1331 824 1372 Romanorum,
844 1332 1110 1375 praeoccupatum
1127 1338 1146 1368 9

54 1380 211 1416 inferiore
243 1381 317 1416 loco
350 1382 532 1416 succedens
566 1381 745 1424 tumulum,
779 1381 876 1426 pulsa
909 1381 1112 1426 detrusaque

54 1434 217 1467 terrorem
243 1433 278 1467 in
302 1429 537 1468 succedentem
562 1433 679 1468 intulit
709 1434 856 1479 equitem
883 1436 917 1467 et
947 1431 989 1466 ad
1017 1432 1113 1478 signa

54 1482 224 1529 legionum
249 1485 384 1530 refugit.
435 1484 593 1519 Peditum
619 1485 706 1519 acies
731 1485 820 1519 inter
849 1483 1021 1529 percuisos
1055 1484 1168 1519 ini-10

54 1534 175 1581 pavida
191 1535 261 1570 sola
277 1540 349 1571 erat
366 1535 618 1582 videbaturque,
637 1536 665 1571 si
678 1536 773 1581 justa
790 1548 828 1571 ac
845 1536 874 1570 si
890 1538 984 1570 recta
1000 1547 1114 1581 pugna

55 1590 155 1630 esset,
180 1587 437 1634 haudquaquam
466 1588 574 1633 impar
602 1588 740 1623 futura:
766 1590 900 1622 tantum
926 1587 1110 1621 animorum

53 1637 180 1673 fecerat
197 1651 355 1685 prospere
373 1642 450 1675 ante
468 1652 591 1685 paucos
609 1639 679 1674 dies
697 1652 749 1674 res
767 1642 873 1685 gesta.
921 1638 986 1673 Sed
1004 1638 1112 1672 exorti
1129 1643 1165 1673 11

53 1694 193 1735 repente
212 1691 426 1726 insidiatores
449 1704 525 1726 eum
545 1691 729 1726 tumultum
755 1694 985 1736 terroremque
1009 1690 1044 1724 in
1066 1689 1112 1723 la-

54 1744 128 1776 tera
144 1742 313 1788 utrimque
330 1742 371 1778 ab
388 1746 551 1789 tergoque
574 1743 783 1778 incursantes
808 1743 969 1783 fecerunt,
989 1744 1028 1775 ut
1052 1753 1110 1776 ne-

56 1805 121 1838 que
143 1793 275 1828 animus
297 1793 340 1829 ad
364 1807 509 1840 pugnam
532 1807 641 1840 neque
663 1794 705 1829 ad
726 1794 843 1840 fugam
860 1806 937 1840 spes
954 1793 1111 1839 cuiquam
