1298 1921
400 29 489 60 LIB.
513 28 651 59 XXIII.
675 29 811 59 42—44.
1072 30 1128 60 191

82 71 245 141 firiittiiss]
256 116 332 139 cum
364 103 599 149 supplemento
629 102 833 149 Carthagine
861 101 1001 138 advecto
1029 105 1131 149 atque

82 156 267 202 elephantis
299 155 402 190 venit.
450 154 579 190 Castris
611 154 701 190 haud
732 154 849 201 procul
880 154 1000 201 positis
1032 155 1130 201 longe
1145 160 1163 193 7

81 207 145 243 alia
161 207 271 242 omnia
287 206 469 252 inquirenti
486 209 658 252 comperta
674 210 754 241 sunt
768 218 866 252 quam
884 219 958 253 quae
975 219 994 241 a
1010 206 1130 253 legatis

81 258 245 294 sociorum
263 257 425 292 audierat.
474 257 570 292 Nihil
587 258 676 293 enim
692 257 875 293 Marcellus
892 258 941 292 ita
953 257 1074 304 agebat
1091 262 1130 293 ut
1144 260 1163 291 ὃ

81 313 139 345 aut
156 310 300 345 fortunae
322 312 380 344 aut
401 312 527 344 temere
549 309 640 344 hosti
663 309 876 344 commissum
903 309 968 344 dici
991 312 1130 355 posset:

80 361 252 407 explorato
269 372 344 396 cum
362 360 532 406 firmisque
558 360 721 405 praesidiis
744 363 821 396 tuto
844 364 984 406 receptu
1006 361 1131 406 praeda-

80 415 153 447 tum
175 413 271 453 ierat,
289 412 465 458 omniaque
485 412 578 447 velut
601 412 760 447 adversus
784 417 982 458 praesentem
1000 412 1131 447 Hanni-

80 463 185 499 balem
199 466 299 499 cauta
311 464 509 509 provisaque
523 463 680 498 fuerunt:
707 467 781 498 tum
794 464 852 499 ubi
869 465 974 499 sensit
999 464 1131 499 hostem

79 515 269 557 adventare,
284 515 397 560 copias
411 515 500 549 intra
516 515 637 550 moenia
649 516 772 556 tenuit,
786 528 844 561 per
855 528 968 551 muros
981 515 1131 550 inambu-

76 565 145 601 lare
167 569 339 601 senatores
362 566 512 601 Nolanos
532 566 635 612 jussit
659 571 692 601 et
713 567 824 601 omnia
846 567 934 602 circa
957 567 1130 613 explorare

77 630 150 664 quae
167 618 256 664 apud
272 618 386 653 hostes
404 617 533 652 fierent.
582 617 636 652 Ex
652 617 704 652 his
728 618 854 653 Hanno
878 631 980 664 quum
999 619 1040 654 ad
1056 632 1127 654 mu-
1143 626 1163 656 9

75 681 150 704 rum
176 669 403 711 successisset,
422 669 634 704 Herennium
656 669 800 704 Bassum
827 672 861 704 et
886 670 1031 705 Herium
1049 671 1130 706 Pet-

75 720 162 755 tium
194 720 237 755 ad
271 720 474 766 colloquimn
513 723 668 755 evocatos
710 720 943 767 permissuque
976 722 1130 757 Marcelli

75 783 228 817 egressos
245 784 305 817 per
320 772 540 818 interpretem
564 771 775 818 adloquitur:
804 772 1005 808 Hannibalis
1023 774 1131 808 virtu-

74 825 143 858 tem
175 822 411 869 fortunamque
445 822 590 864 extollit,
616 823 732 869 populi
760 823 906 859 Romani
935 824 1061 860 obterit
1090 828 1130 859 ut

74 878 304 909 senescentem
333 886 410 910 cum
437 874 564 909 viribus
591 877 813 920 majestatem.
864 875 951 914 Quae
980 877 1009 911 si
1036 877 1130 922 paria
1146 881 1185 910 10

74 928 189 960 essent
205 928 244 961 ut
258 925 425 972 quondam
442 926 596 970 fuissent,
612 930 724 961 tamen
740 927 898 972 expertis,
915 940 1014 973 quam
1028 941 1130 974 grave

74 977 265 1013 Romanum
293 978 469 1024 imperium
498 979 608 1021 sociis,
638 982 764 1025 quanta
795 979 1006 1026 indulgentia
1035 982 1131 1016 Han-

74 1029 193 1065 nibalis
214 1030 315 1065 etiam
340 1031 376 1066 in
400 1030 552 1076 captivos
576 1031 682 1066 omnis
707 1031 819 1067 Italici
837 1033 980 1067 nominis
998 1033 1130 1075 fuisset,

74 1081 236 1116 Punicam
262 1082 424 1117 Romanae
449 1083 644 1118 societatem
670 1086 771 1129 atque
796 1083 976 1119 amicitiam
1002 1096 1128 1130 praeop-

74 1132 210 1167 tandam
233 1145 316 1168 esse.
368 1133 404 1168 Si
426 1134 523 1169 ambo
547 1134 703 1169 consules
728 1147 805 1169 cum
830 1135 900 1170 suis
926 1136 1128 1171 exercitibus
1147 1139 1183 1169 ll

74 1183 116 1218 ad
142 1184 265 1219 Nolam
294 1187 417 1226 essent,
446 1189 559 1220 tamen
588 1198 655 1220 non
683 1186 790 1232 magis
819 1199 915 1231 pares
945 1187 1130 1223 Hannibali

74 1235 208 1270 futuros
231 1248 329 1282 quam
353 1236 395 1271 ad
413 1236 544 1272 Cannas
568 1237 733 1272 fuissent:
759 1237 882 1273 nedum
901 1244 1025 1284 praetor
1041 1252 1129 1274 unus

74 1298 151 1321 cum
183 1287 298 1332 paucis
329 1291 364 1323 et
396 1288 491 1323 novis
523 1288 686 1324 militibus
720 1289 843 1324 Nolam
877 1290 983 1325 tutari
1011 1291 1128 1336 possit.

75 1337 233 1382 Ipsorum
259 1351 355 1385 quam
383 1339 583 1375 Hannibalis
608 1340 781 1383 interesse,
808 1344 907 1387 capta
935 1354 978 1376 an
1005 1342 1129 1377 tradita
1145 1344 1185 1374 12

75 1389 164 1424 Nola
182 1393 376 1435 poteretur:
402 1392 590 1436 potiturum
608 1392 708 1433 enim,
725 1396 764 1427 ut
782 1392 899 1438 Capua
915 1393 1130 1439 Nuceriaque

74 1440 204 1485 potitus
227 1444 337 1476 esset:
365 1442 423 1477 sed
448 1442 530 1488 quid
557 1443 647 1478 inter
670 1443 794 1489 Capuae
819 1456 857 1479 ac
882 1444 1039 1480 Nuceriae
1063 1445 1128 1480 for-

73 1495 190 1526 tunam
213 1492 401 1535 interesset,
426 1493 517 1538 ipsos
542 1506 647 1540 prope
672 1495 707 1529 in
731 1495 841 1530 medio
866 1496 951 1531 sitos
976 1496 1127 1532 Nolanos

74 1543 168 1578 scire.
218 1544 319 1579 Nolle
344 1545 483 1580 ominari
509 1558 584 1591 quae
609 1549 715 1592 captae
740 1546 816 1582 urbi
841 1559 977 1582 cessura
1006 1548 1127 1592 forent,
1146 1550 1183 1580 13

73 1597 107 1629 et
140 1595 254 1640 potius
288 1596 460 1641 spondere,
495 1597 524 1632 si
556 1597 755 1633 Marcellum
788 1610 864 1633 cum
897 1599 1054 1645 praesidio
1090 1612 1128 1636 ac

73 1646 195 1681 Nolam
218 1647 446 1690 tradidissent,
470 1649 636 1684 neminem
659 1650 759 1684 alium
777 1662 876 1696 quam
900 1651 990 1697 ipsos
1009 1651 1127 1698 legem,

74 1709 140 1743 qua
166 1698 202 1733 in
227 1699 424 1734 societatem
451 1700 697 1746 amicitiamque
730 1701 931 1738 Hannibalis
960 1703 1123 1746 venirent,

73 1748 252 1786 dicturum.
301 1750 356 1786 Ad
373 1763 412 1787 ea
432 1751 627 1788 Herennius
649 1753 777 1788 Bassus
800 1754 983 1800 respondit,
1003 1752 1221 1795 multos(44>
