<?xml version="1.0" encoding="UTF-8"?>
<!DOCTYPE html PUBLIC "-//W3C//DTD XHTML 1.0 Transitional//EN"
    "http://www.w3.org/TR/xhtml1/DTD/xhtml1-transitional.dtd">
<html xmlns="http://www.w3.org/1999/xhtml" xml:lang="en" lang="en">
 <head>
  <title>
</title>
<meta http-equiv="Content-Type" content="text/html;charset=utf-8" />
  <meta name='ocr-system' content='tesseract 3.04.00' />
  <meta name='ocr-capabilities' content='ocr_page ocr_carea ocr_par ocr_line ocrx_word'/>
</head>
<body>
  <div class='ocr_page' id='page_1' title='image "./booksxxixxivwith00livyuoft_0231.png"; bbox 0 0 1298 1921; ppageno 0'>
   <div class='ocr_carea' id='block_1_1' title="bbox 32 61 1083 185">
    <p class='ocr_par' dir='ltr' id='par_1_1' title="bbox 32 61 1083 185">
     <span class='ocr_line' id='line_1_1' title="bbox 393 61 1083 99; baseline 0.003 -6"><span class='ocrx_word' id='word_1_1' title='bbox 393 62 483 94; x_wconf 87' lang='lat' dir='ltr'><strong>LIB.</strong></span> <span class='ocrx_word' id='word_1_2' title='bbox 508 61 636 92; x_wconf 89' lang='lat' dir='ltr'>XXIV.</span> <span class='ocrx_word' id='word_1_3' title='bbox 656 64 685 99; x_wconf 86' lang='lat'>8,</span> <span class='ocrx_word' id='word_1_4' title='bbox 702 63 730 93; x_wconf 91' lang='lat'>9.</span> <span class='ocrx_word' id='word_1_5' title='bbox 1021 65 1083 95; x_wconf 90' lang='grc'>209</span> 
     </span>
     <span class='ocr_line' id='line_1_2' title="bbox 32 104 1082 185; baseline -0.002 -11"><span class='ocrx_word' id='word_1_6' title='bbox 32 104 257 185; x_wconf 52' lang='lat' dir='ltr'>{iigeiffiaisula</span> <span class='ocrx_word' id='word_1_7' title='bbox 279 136 404 180; x_wconf 86' lang='lat' dir='ltr'>sedeat,</span> <span class='ocrx_word' id='word_1_8' title='bbox 423 149 552 172; x_wconf 87' lang='lat' dir='ltr'>summa</span> <span class='ocrx_word' id='word_1_9' title='bbox 576 149 657 173; x_wconf 85' lang='lat' dir='ltr'>cura</span> <span class='ocrx_word' id='word_1_10' title='bbox 679 137 921 183; x_wconf 89' lang='lat' dir='ltr'>providendum</span> <span class='ocrx_word' id='word_1_11' title='bbox 943 150 981 173; x_wconf 90' lang='lat' dir='ltr'>ac</span> <span class='ocrx_word' id='word_1_12' title='bbox 997 150 1082 184; x_wconf 81' lang='lat' dir='ltr'>prae-</span> 
     </span>
    </p>
   </div>
   <div class='ocr_carea' id='block_1_2' title="bbox 0 189 1152 1832">
    <p class='ocr_par' dir='ltr' id='par_1_2' title="bbox 28 189 1135 954">
     <span class='ocr_line' id='line_1_3' title="bbox 31 189 1134 234; baseline -0.003 -8"><span class='ocrx_word' id='word_1_13' title='bbox 31 189 214 226; x_wconf 85' lang='lat' dir='ltr'>cavendum</span> <span class='ocrx_word' id='word_1_14' title='bbox 231 189 325 224; x_wconf 90' lang='lat' dir='ltr'>vobis</span> <span class='ocrx_word' id='word_1_15' title='bbox 349 191 411 224; x_wconf 89' lang='lat' dir='ltr'>est.</span> <span class='ocrx_word' id='word_1_16' title='bbox 461 189 504 224; x_wconf 88' lang='lat' dir='ltr'>In</span> <span class='ocrx_word' id='word_1_17' title='bbox 526 189 653 225; x_wconf 85' lang='lat' dir='ltr'>minore</span> <span class='ocrx_word' id='word_1_18' title='bbox 677 193 710 225; x_wconf 88' lang='lat' dir='ltr'>te</span> <span class='ocrx_word' id='word_1_19' title='bbox 736 189 877 234; x_wconf 85' lang='lat' dir='ltr'>experti,</span> <span class='ocrx_word' id='word_1_20' title='bbox 894 189 932 223; x_wconf 82' lang='lat' dir='ltr'>T.</span> <span class='ocrx_word' id='word_1_21' title='bbox 952 189 1081 233; x_wconf 79' lang='lat' dir='ltr'>Otacili,</span> <span class='ocrx_word' id='word_1_22' title='bbox 1095 193 1134 222; x_wconf 90' lang='grc'>10</span> 
     </span>
     <span class='ocr_line' id='line_1_4' title="bbox 31 240 1079 286; baseline -0.003 -9"><span class='ocrx_word' id='word_1_23' title='bbox 31 253 67 277; x_wconf 85' lang='lat' dir='ltr'>re</span> <span class='ocrx_word' id='word_1_24' title='bbox 99 253 238 276; x_wconf 89' lang='lat' dir='ltr'>sumus:</span> <span class='ocrx_word' id='word_1_25' title='bbox 271 240 361 275; x_wconf 83' lang='lat' dir='ltr'>haud</span> <span class='ocrx_word' id='word_1_26' title='bbox 393 253 481 282; x_wconf 81' lang='lat' dir='ltr'>sane,</span> <span class='ocrx_word' id='word_1_27' title='bbox 508 253 568 275; x_wconf 87' lang='lat' dir='ltr'>cur</span> <span class='ocrx_word' id='word_1_28' title='bbox 601 241 642 276; x_wconf 86' lang='lat' dir='ltr'>ad</span> <span class='ocrx_word' id='word_1_29' title='bbox 674 244 802 286; x_wconf 79' lang='lat' dir='ltr'>majora</span> <span class='ocrx_word' id='word_1_30' title='bbox 833 240 896 275; x_wconf 90' lang='lat' dir='ltr'>tibi</span> <span class='ocrx_word' id='word_1_31' title='bbox 928 240 1079 283; x_wconf 78' lang='lat' dir='ltr'>fidamus,</span> 
     </span>
     <span class='ocr_line' id='line_1_5' title="bbox 31 291 1132 338; baseline 0.001 -10"><span class='ocrx_word' id='word_1_32' title='bbox 31 291 223 328; x_wconf 73' lang='lat' dir='ltr'>documenti</span> <span class='ocrx_word' id='word_1_33' title='bbox 251 291 429 338; x_wconf 83' lang='lat' dir='ltr'>quicquam</span> <span class='ocrx_word' id='word_1_34' title='bbox 458 292 590 328; x_wconf 88' lang='lat' dir='ltr'>dedisti.</span> <span class='ocrx_word' id='word_1_35' title='bbox 641 293 789 328; x_wconf 81' lang='lat' dir='ltr'>Classem</span> <span class='ocrx_word' id='word_1_36' title='bbox 815 291 878 327; x_wconf 88' lang='lat' dir='ltr'>hoc</span> <span class='ocrx_word' id='word_1_37' title='bbox 906 304 1001 333; x_wconf 86' lang='lat' dir='ltr'>anno,</span> <span class='ocrx_word' id='word_1_38' title='bbox 1029 292 1132 329; x_wconf 89' lang='lat' dir='ltr'>cuill</span> 
     </span>
     <span class='ocr_line' id='line_1_6' title="bbox 30 343 1083 390; baseline -0.001 -11"><span class='ocrx_word' id='word_1_39' title='bbox 30 347 70 379; x_wconf 91' lang='lat' dir='ltr'>tu</span> <span class='ocrx_word' id='word_1_40' title='bbox 89 343 265 389; x_wconf 69' lang='lat' dir='ltr'>praefuisti,</span> <span class='ocrx_word' id='word_1_41' title='bbox 288 343 392 378; x_wconf 87' lang='lat' dir='ltr'>trium</span> <span class='ocrx_word' id='word_1_42' title='bbox 414 356 526 378; x_wconf 86' lang='lat' dir='ltr'>rerum</span> <span class='ocrx_word' id='word_1_43' title='bbox 547 356 647 379; x_wconf 87' lang='lat' dir='ltr'>causa</span> <span class='ocrx_word' id='word_1_44' title='bbox 669 343 869 390; x_wconf 87' lang='lat' dir='ltr'>paravimus,</span> <span class='ocrx_word' id='word_1_45' title='bbox 894 346 934 378; x_wconf 90' lang='lat' dir='ltr'>ut</span> <span class='ocrx_word' id='word_1_46' title='bbox 959 343 1083 378; x_wconf 76' lang='lat' dir='ltr'>Africae</span> 
     </span>
     <span class='ocr_line' id='line_1_7' title="bbox 30 394 1080 440; baseline -0.001 -10"><span class='ocrx_word' id='word_1_47' title='bbox 30 407 122 430; x_wconf 87' lang='lat' dir='ltr'>oram</span> <span class='ocrx_word' id='word_1_48' title='bbox 150 394 379 440; x_wconf 80' lang='lat' dir='ltr'>popularetur,</span> <span class='ocrx_word' id='word_1_49' title='bbox 405 397 444 429; x_wconf 93' lang='lat' dir='ltr'>ut</span> <span class='ocrx_word' id='word_1_50' title='bbox 473 398 550 430; x_wconf 88' lang='lat' dir='ltr'>tuta</span> <span class='ocrx_word' id='word_1_51' title='bbox 577 395 674 431; x_wconf 90' lang='lat' dir='ltr'>nobis</span> <span class='ocrx_word' id='word_1_52' title='bbox 700 395 809 431; x_wconf 76' lang='lat' dir='ltr'>Italiae</span> <span class='ocrx_word' id='word_1_53' title='bbox 833 395 934 429; x_wconf 87' lang='lat' dir='ltr'>litora</span> <span class='ocrx_word' id='word_1_54' title='bbox 958 398 1080 436; x_wconf 87' lang='lat' dir='ltr'>essent,</span> 
     </span>
     <span class='ocr_line' id='line_1_8' title="bbox 30 445 1082 492; baseline -0.002 -10"><span class='ocrx_word' id='word_1_55' title='bbox 30 449 108 482; x_wconf 85' lang='lat' dir='ltr'>ante</span> <span class='ocrx_word' id='word_1_56' title='bbox 124 446 236 481; x_wconf 88' lang='lat' dir='ltr'>omnia</span> <span class='ocrx_word' id='word_1_57' title='bbox 252 458 294 480; x_wconf 91' lang='lat' dir='ltr'>ne</span> <span class='ocrx_word' id='word_1_58' title='bbox 311 445 581 491; x_wconf 88' lang='lat' dir='ltr'>supplementum</span> <span class='ocrx_word' id='word_1_59' title='bbox 599 459 674 482; x_wconf 91' lang='lat' dir='ltr'>cum</span> <span class='ocrx_word' id='word_1_60' title='bbox 692 445 861 492; x_wconf 88' lang='lat' dir='ltr'>stipendio</span> <span class='ocrx_word' id='word_1_61' title='bbox 878 450 1082 481; x_wconf 85' lang='lat' dir='ltr'>commeatu-</span> 
     </span>
     <span class='ocr_line' id='line_1_9' title="bbox 30 497 1135 544; baseline 0.001 -11"><span class='ocrx_word' id='word_1_62' title='bbox 30 510 94 544; x_wconf 88' lang='lat' dir='ltr'>que</span> <span class='ocrx_word' id='word_1_63' title='bbox 112 497 152 532; x_wconf 87' lang='lat' dir='ltr'>ab</span> <span class='ocrx_word' id='word_1_64' title='bbox 176 497 381 540; x_wconf 67' lang='lat' dir='ltr'>Carthagine</span> <span class='ocrx_word' id='word_1_65' title='bbox 404 497 587 532; x_wconf 80' lang='lat' dir='ltr'>Hannibali</span> <span class='ocrx_word' id='word_1_66' title='bbox 609 500 908 544; x_wconf 78' lang='lat' dir='ltr'>transportaretur.</span> <span class='ocrx_word' id='word_1_67' title='bbox 959 497 1081 532; x_wconf 86' lang='lat' dir='ltr'>Create</span> <span class='ocrx_word' id='word_1_68' title='bbox 1097 505 1135 535; x_wconf 86' lang='lat'>12</span> 
     </span>
     <span class='ocr_line' id='line_1_10' title="bbox 29 548 1082 591; baseline -0.002 -6"><span class='ocrx_word' id='word_1_69' title='bbox 29 549 198 585; x_wconf 85' lang='lat' dir='ltr'>consulem</span> <span class='ocrx_word' id='word_1_70' title='bbox 231 548 269 583; x_wconf 82' lang='lat' dir='ltr'>T.</span> <span class='ocrx_word' id='word_1_71' title='bbox 289 548 480 591; x_wconf 82' lang='lat' dir='ltr'>Otacilium,</span> <span class='ocrx_word' id='word_1_72' title='bbox 511 561 579 584; x_wconf 89' lang='lat' dir='ltr'>non</span> <span class='ocrx_word' id='word_1_73' title='bbox 611 549 685 585; x_wconf 87' lang='lat' dir='ltr'>dico</span> <span class='ocrx_word' id='word_1_74' title='bbox 719 549 746 583; x_wconf 88' lang='lat' dir='ltr'>si</span> <span class='ocrx_word' id='word_1_75' title='bbox 778 549 889 584; x_wconf 88' lang='lat' dir='ltr'>omnia</span> <span class='ocrx_word' id='word_1_76' title='bbox 919 548 990 583; x_wconf 74' lang='lat' dir='ltr'>haec</span> <span class='ocrx_word' id='word_1_77' title='bbox 1023 556 1082 583; x_wconf 80' lang='lat' dir='ltr'>sed</span> 
     </span>
     <span class='ocr_line' id='line_1_11' title="bbox 29 599 1082 646; baseline -0.002 -10"><span class='ocrx_word' id='word_1_78' title='bbox 29 601 58 636; x_wconf 90' lang='lat' dir='ltr'>si</span> <span class='ocrx_word' id='word_1_79' title='bbox 82 599 209 645; x_wconf 85' lang='lat' dir='ltr'>aliquid</span> <span class='ocrx_word' id='word_1_80' title='bbox 234 612 349 635; x_wconf 89' lang='lat' dir='ltr'>eorum</span> <span class='ocrx_word' id='word_1_81' title='bbox 374 601 422 635; x_wconf 89' lang='lat' dir='ltr'>rei</span> <span class='ocrx_word' id='word_1_82' title='bbox 446 599 589 645; x_wconf 82' lang='lat' dir='ltr'>publicae</span> <span class='ocrx_word' id='word_1_83' title='bbox 614 601 794 646; x_wconf 59' lang='lat' dir='ltr'>praestitit:</span> <span class='ocrx_word' id='word_1_84' title='bbox 825 600 877 635; x_wconf 90' lang='lat' dir='ltr'>sin</span> <span class='ocrx_word' id='word_1_85' title='bbox 906 602 1017 635; x_wconf 86' lang='lat' dir='ltr'>autem</span> <span class='ocrx_word' id='word_1_86' title='bbox 1047 607 1082 635; x_wconf 86' lang='lat' dir='ltr'>te</span> 
     </span>
     <span class='ocr_line' id='line_1_12' title="bbox 29 651 1081 697; baseline 0 -11"><span class='ocrx_word' id='word_1_87' title='bbox 29 651 169 687; x_wconf 81' lang='lat' dir='ltr'>classem</span> <span class='ocrx_word' id='word_1_88' title='bbox 197 651 370 687; x_wconf 81' lang='lat' dir='ltr'>obtinente</span> <span class='ocrx_word' id='word_1_89' title='bbox 397 651 497 686; x_wconf 85' lang='lat' dir='ltr'>etiam</span> <span class='ocrx_word' id='word_1_90' title='bbox 526 651 620 686; x_wconf 88' lang='lat' dir='ltr'>velut</span> <span class='ocrx_word' id='word_1_91' title='bbox 648 652 782 697; x_wconf 88' lang='lat' dir='ltr'>placato</span> <span class='ocrx_word' id='word_1_92' title='bbox 808 651 892 686; x_wconf 86' lang='lat' dir='ltr'>mari</span> <span class='ocrx_word' id='word_1_93' title='bbox 925 651 1081 697; x_wconf 80' lang='lat' dir='ltr'>quaelibet</span> 
     </span>
     <span class='ocr_line' id='line_1_13' title="bbox 29 702 1082 748; baseline -0.001 -10"><span class='ocrx_word' id='word_1_94' title='bbox 29 703 213 738; x_wconf 81' lang='lat' dir='ltr'>Hannibali</span> <span class='ocrx_word' id='word_1_95' title='bbox 229 705 306 737; x_wconf 84' lang='lat' dir='ltr'>tuta</span> <span class='ocrx_word' id='word_1_96' title='bbox 322 706 423 748; x_wconf 88' lang='lat' dir='ltr'>atque</span> <span class='ocrx_word' id='word_1_97' title='bbox 447 702 580 748; x_wconf 85' lang='lat' dir='ltr'>integra</span> <span class='ocrx_word' id='word_1_98' title='bbox 601 703 643 738; x_wconf 84' lang='lat' dir='ltr'>ab</span> <span class='ocrx_word' id='word_1_99' title='bbox 668 703 766 738; x_wconf 91' lang='lat' dir='ltr'>domo</span> <span class='ocrx_word' id='word_1_100' title='bbox 783 706 958 744; x_wconf 85' lang='lat' dir='ltr'>venerunt,</span> <span class='ocrx_word' id='word_1_101' title='bbox 978 703 1007 737; x_wconf 91' lang='lat' dir='ltr'>si</span> <span class='ocrx_word' id='word_1_102' title='bbox 1023 715 1082 738; x_wconf 86' lang='lat' dir='ltr'>ora</span> 
     </span>
     <span class='ocr_line' id='line_1_14' title="bbox 28 754 1081 801; baseline 0 -12"><span class='ocrx_word' id='word_1_103' title='bbox 28 754 137 790; x_wconf 81' lang='lat' dir='ltr'>Itah&#39;ae</span> <span class='ocrx_word' id='word_1_104' title='bbox 159 754 314 790; x_wconf 85' lang='lat' dir='ltr'>infestior</span> <span class='ocrx_word' id='word_1_105' title='bbox 335 754 398 789; x_wconf 84' lang='lat' dir='ltr'>hoe</span> <span class='ocrx_word' id='word_1_106' title='bbox 420 766 506 789; x_wconf 86' lang='lat' dir='ltr'>anno</span> <span class='ocrx_word' id='word_1_107' title='bbox 524 767 623 800; x_wconf 85' lang='lat' dir='ltr'>qnam</span> <span class='ocrx_word' id='word_1_108' title='bbox 641 755 763 790; x_wconf 79' lang='lat' dir='ltr'>Africae</span> <span class='ocrx_word' id='word_1_109' title='bbox 781 755 855 796; x_wconf 86' lang='lat' dir='ltr'>fuit,</span> <span class='ocrx_word' id='word_1_110' title='bbox 875 754 955 801; x_wconf 89' lang='lat' dir='ltr'>quid</span> <span class='ocrx_word' id='word_1_111' title='bbox 972 754 1081 789; x_wconf 83' lang='lat' dir='ltr'>dicere</span> 
     </span>
     <span class='ocr_line' id='line_1_15' title="bbox 28 805 1082 852; baseline 0 -12"><span class='ocrx_word' id='word_1_112' title='bbox 28 809 134 852; x_wconf 88' lang='lat' dir='ltr'>potes,</span> <span class='ocrx_word' id='word_1_113' title='bbox 163 818 224 841; x_wconf 90' lang='lat' dir='ltr'>cur</span> <span class='ocrx_word' id='word_1_114' title='bbox 249 809 284 841; x_wconf 89' lang='lat' dir='ltr'>te</span> <span class='ocrx_word' id='word_1_115' title='bbox 313 805 524 851; x_wconf 87' lang='lat' dir='ltr'>potissimum</span> <span class='ocrx_word' id='word_1_116' title='bbox 551 805 670 841; x_wconf 91' lang='lat' dir='ltr'>ducem</span> <span class='ocrx_word' id='word_1_117' title='bbox 696 805 884 841; x_wconf 79' lang='lat' dir='ltr'>Hannibali</span> <span class='ocrx_word' id='word_1_118' title='bbox 910 805 1000 840; x_wconf 85' lang='lat' dir='ltr'>hosti</span> <span class='ocrx_word' id='word_1_119' title='bbox 1025 817 1082 851; x_wconf 90' lang='lat' dir='ltr'>op-</span> 
     </span>
     <span class='ocr_line' id='line_1_16' title="bbox 28 856 1081 903; baseline 0 -11"><span class='ocrx_word' id='word_1_120' title='bbox 28 858 180 903; x_wconf 82' lang='lat' dir='ltr'>ponant?</span> <span class='ocrx_word' id='word_1_121' title='bbox 206 857 233 892; x_wconf 89' lang='lat' dir='ltr'>si</span> <span class='ocrx_word' id='word_1_122' title='bbox 250 857 367 892; x_wconf 89' lang='lat' dir='ltr'>consul</span> <span class='ocrx_word' id='word_1_123' title='bbox 391 869 492 901; x_wconf 86' lang='lat' dir='ltr'>esses,</span> <span class='ocrx_word' id='word_1_124' title='bbox 510 856 708 893; x_wconf 85' lang='lat' dir='ltr'>dictatorem</span> <span class='ocrx_word' id='word_1_125' title='bbox 731 857 909 893; x_wconf 83' lang='lat' dir='ltr'>dicendum</span> <span class='ocrx_word' id='word_1_126' title='bbox 927 857 1081 901; x_wconf 84' lang='lat' dir='ltr'>exemplo</span> 
     </span>
     <span class='ocr_line' id='line_1_17' title="bbox 28 909 1082 954; baseline 0 -11"><span class='ocrx_word' id='word_1_127' title='bbox 28 909 192 954; x_wconf 84' lang='lat' dir='ltr'>majorum</span> <span class='ocrx_word' id='word_1_128' title='bbox 223 912 376 944; x_wconf 90' lang='lat' dir='ltr'>nostrum</span> <span class='ocrx_word' id='word_1_129' title='bbox 409 921 642 944; x_wconf 82' lang='lat' dir='ltr'>censeremus:</span> <span class='ocrx_word' id='word_1_130' title='bbox 683 921 746 944; x_wconf 89' lang='lat' dir='ltr'>nec</span> <span class='ocrx_word' id='word_1_131' title='bbox 778 911 817 944; x_wconf 87' lang='lat' dir='ltr'>tu</span> <span class='ocrx_word' id='word_1_132' title='bbox 849 909 883 944; x_wconf 90' lang='lat' dir='ltr'>id</span> <span class='ocrx_word' id='word_1_133' title='bbox 915 909 1082 954; x_wconf 85' lang='lat' dir='ltr'>indignari</span> 
     </span>
    </p>

    <p class='ocr_par' dir='ltr' id='par_1_3' title="bbox 0 960 1152 1832">
     <span class='ocr_line' id='line_1_18' title="bbox 0 960 1081 1006; baseline 0 -11"><span class='ocrx_word' id='word_1_134' title='bbox 0 977 1 990; x_wconf 59' lang='lat'>1</span> <span class='ocrx_word' id='word_1_135' title='bbox 28 973 153 1006; x_wconf 83' lang='lat' dir='ltr'>posseS,</span> <span class='ocrx_word' id='word_1_136' title='bbox 188 960 332 1005; x_wconf 86' lang='lat' dir='ltr'>aliquem</span> <span class='ocrx_word' id='word_1_137' title='bbox 363 960 398 995; x_wconf 90' lang='lat' dir='ltr'>in</span> <span class='ocrx_word' id='word_1_138' title='bbox 431 960 568 996; x_wconf 87' lang='lat' dir='ltr'>civitate</span> <span class='ocrx_word' id='word_1_139' title='bbox 599 961 754 996; x_wconf 81' lang='lat' dir='ltr'>Romana</span> <span class='ocrx_word' id='word_1_140' title='bbox 785 960 955 996; x_wconf 87' lang='lat' dir='ltr'>meliorem</span> <span class='ocrx_word' id='word_1_141' title='bbox 994 960 1081 995; x_wconf 86' lang='lat' dir='ltr'>bello</span> 
     </span>
     <span class='ocr_line' id='line_1_19' title="bbox 29 1011 1133 1058; baseline 0.001 -12"><span class='ocrx_word' id='word_1_142' title='bbox 29 1011 143 1047; x_wconf 84' lang='lat' dir='ltr'>haberi</span> <span class='ocrx_word' id='word_1_143' title='bbox 161 1024 260 1058; x_wconf 86' lang='lat' dir='ltr'>quam</span> <span class='ocrx_word' id='word_1_144' title='bbox 284 1014 330 1047; x_wconf 90' lang='lat' dir='ltr'>te.</span> <span class='ocrx_word' id='word_1_145' title='bbox 378 1011 492 1058; x_wconf 84' lang='lat' dir='ltr'>Magis</span> <span class='ocrx_word' id='word_1_146' title='bbox 516 1012 640 1047; x_wconf 88' lang='lat' dir='ltr'>nullius</span> <span class='ocrx_word' id='word_1_147' title='bbox 664 1012 806 1047; x_wconf 86' lang='lat' dir='ltr'>interest</span> <span class='ocrx_word' id='word_1_148' title='bbox 833 1024 931 1058; x_wconf 87' lang='lat' dir='ltr'>quam</span> <span class='ocrx_word' id='word_1_149' title='bbox 952 1014 1022 1054; x_wconf 87' lang='lat' dir='ltr'>tua,</span> <span class='ocrx_word' id='word_1_150' title='bbox 1041 1012 1078 1046; x_wconf 89' lang='lat' dir='ltr'>T.</span> <span class='ocrx_word' id='word_1_151' title='bbox 1097 1019 1133 1048; x_wconf 83' lang='lat'>13</span> 
     </span>
     <span class='ocr_line' id='line_1_20' title="bbox 28 1063 1081 1109; baseline -0.001 -11"><span class='ocrx_word' id='word_1_152' title='bbox 28 1063 161 1107; x_wconf 82' lang='lat' dir='ltr'>Otacili,</span> <span class='ocrx_word' id='word_1_153' title='bbox 182 1075 250 1098; x_wconf 88' lang='lat' dir='ltr'>non</span> <span class='ocrx_word' id='word_1_154' title='bbox 274 1063 402 1109; x_wconf 88' lang='lat' dir='ltr'>imponi</span> <span class='ocrx_word' id='word_1_155' title='bbox 423 1063 608 1099; x_wconf 87' lang='lat' dir='ltr'>cervicibus</span> <span class='ocrx_word' id='word_1_156' title='bbox 633 1064 702 1098; x_wconf 87' lang='lat' dir='ltr'>tuis</span> <span class='ocrx_word' id='word_1_157' title='bbox 727 1075 812 1098; x_wconf 89' lang='lat' dir='ltr'>onus</span> <span class='ocrx_word' id='word_1_158' title='bbox 836 1063 898 1098; x_wconf 90' lang='lat' dir='ltr'>sub</span> <span class='ocrx_word' id='word_1_159' title='bbox 921 1075 986 1109; x_wconf 90' lang='lat' dir='ltr'>quo</span> <span class='ocrx_word' id='word_1_160' title='bbox 1004 1075 1081 1098; x_wconf 88' lang='lat' dir='ltr'>con-</span> 
     </span>
     <span class='ocr_line' id='line_1_21' title="bbox 28 1114 1135 1161; baseline 0.002 -12"><span class='ocrx_word' id='word_1_161' title='bbox 28 1114 130 1150; x_wconf 86' lang='lat' dir='ltr'>cidas.</span> <span class='ocrx_word' id='word_1_162' title='bbox 179 1115 253 1161; x_wconf 83' lang='lat' dir='ltr'>Ego</span> <span class='ocrx_word' id='word_1_163' title='bbox 270 1127 472 1161; x_wconf 82' lang='lat' dir='ltr'>magnopere</span> <span class='ocrx_word' id='word_1_164' title='bbox 488 1127 607 1150; x_wconf 89' lang='lat' dir='ltr'>moneo</span> <span class='ocrx_word' id='word_1_165' title='bbox 625 1115 826 1160; x_wconf 86' lang='lat' dir='ltr'>suadeoque,</span> <span class='ocrx_word' id='word_1_166' title='bbox 842 1114 957 1150; x_wconf 92' lang='lat' dir='ltr'>eodem</span> <span class='ocrx_word' id='word_1_167' title='bbox 972 1114 1080 1149; x_wconf 87' lang='lat' dir='ltr'>animo</span> <span class='ocrx_word' id='word_1_168' title='bbox 1097 1123 1135 1151; x_wconf 74' lang='lat'>14</span> 
     </span>
     <span class='ocr_line' id='line_1_22' title="bbox 28 1165 1081 1211; baseline 0 -11"><span class='ocrx_word' id='word_1_169' title='bbox 28 1177 104 1211; x_wconf 90' lang='lat' dir='ltr'>quo,</span> <span class='ocrx_word' id='word_1_170' title='bbox 135 1166 164 1201; x_wconf 90' lang='lat' dir='ltr'>si</span> <span class='ocrx_word' id='word_1_171' title='bbox 192 1166 360 1201; x_wconf 85' lang='lat' dir='ltr'>stantibus</span> <span class='ocrx_word' id='word_1_172' title='bbox 388 1166 482 1201; x_wconf 87' lang='lat' dir='ltr'>vobis</span> <span class='ocrx_word' id='word_1_173' title='bbox 509 1167 545 1201; x_wconf 90' lang='lat' dir='ltr'>in</span> <span class='ocrx_word' id='word_1_174' title='bbox 571 1167 674 1202; x_wconf 86' lang='lat' dir='ltr'>aciem</span> <span class='ocrx_word' id='word_1_175' title='bbox 700 1166 837 1201; x_wconf 83' lang='lat' dir='ltr'>armatis</span> <span class='ocrx_word' id='word_1_176' title='bbox 863 1169 1002 1211; x_wconf 83' lang='lat' dir='ltr'>repente</span> <span class='ocrx_word' id='word_1_177' title='bbox 1027 1165 1081 1201; x_wconf 87' lang='lat' dir='ltr'>de-</span> 
     </span>
     <span class='ocr_line' id='line_1_23' title="bbox 27 1217 1081 1263; baseline -0.001 -11"><span class='ocrx_word' id='word_1_178' title='bbox 27 1217 153 1263; x_wconf 86' lang='lat' dir='ltr'>ligendi</span> <span class='ocrx_word' id='word_1_179' title='bbox 179 1217 245 1252; x_wconf 90' lang='lat' dir='ltr'>duo</span> <span class='ocrx_word' id='word_1_180' title='bbox 273 1218 493 1263; x_wconf 85' lang='lat' dir='ltr'>imperatores</span> <span class='ocrx_word' id='word_1_181' title='bbox 520 1221 643 1259; x_wconf 82' lang='lat' dir='ltr'>essent,</span> <span class='ocrx_word' id='word_1_182' title='bbox 671 1230 814 1263; x_wconf 89' lang='lat' dir='ltr'>quorum</span> <span class='ocrx_word' id='word_1_183' title='bbox 841 1217 948 1253; x_wconf 89' lang='lat' dir='ltr'>ductu</span> <span class='ocrx_word' id='word_1_184' title='bbox 980 1220 1081 1263; x_wconf 88' lang='lat' dir='ltr'>atque</span> 
     </span>
     <span class='ocr_line' id='line_1_24' title="bbox 27 1268 1079 1316; baseline 0 -13"><span class='ocrx_word' id='word_1_185' title='bbox 27 1269 175 1314; x_wconf 86' lang='lat' dir='ltr'>auspicio</span> <span class='ocrx_word' id='word_1_186' title='bbox 214 1268 426 1311; x_wconf 73' lang='lat' dir='ltr'>dimicaretis‚</span> <span class='ocrx_word' id='word_1_187' title='bbox 459 1269 558 1304; x_wconf 89' lang='lat' dir='ltr'>hodie</span> <span class='ocrx_word' id='word_1_188' title='bbox 591 1281 724 1316; x_wconf 86' lang='lat' dir='ltr'>quoque</span> <span class='ocrx_word' id='word_1_189' title='bbox 762 1268 916 1304; x_wconf 87' lang='lat' dir='ltr'>consules</span> <span class='ocrx_word' id='word_1_190' title='bbox 949 1268 1079 1310; x_wconf 87' lang='lat' dir='ltr'>creetis,</span> 
     </span>
     <span class='ocr_line' id='line_1_25' title="bbox 27 1319 1080 1366; baseline 0 -12"><span class='ocrx_word' id='word_1_191' title='bbox 27 1319 150 1365; x_wconf 87' lang='lat' dir='ltr'>quibus</span> <span class='ocrx_word' id='word_1_192' title='bbox 167 1324 375 1355; x_wconf 80' lang='lat' dir='ltr'>sacramento</span> <span class='ocrx_word' id='word_1_193' title='bbox 392 1320 487 1356; x_wconf 85' lang='lat' dir='ltr'>liberi</span> <span class='ocrx_word' id='word_1_194' title='bbox 504 1321 609 1356; x_wconf 88' lang='lat' dir='ltr'>vestri</span> <span class='ocrx_word' id='word_1_195' title='bbox 626 1321 748 1363; x_wconf 83' lang='lat' dir='ltr'>dicant,</span> <span class='ocrx_word' id='word_1_196' title='bbox 768 1321 809 1356; x_wconf 83' lang='lat' dir='ltr'>ad</span> <span class='ocrx_word' id='word_1_197' title='bbox 833 1332 974 1366; x_wconf 87' lang='lat' dir='ltr'>quorum</span> <span class='ocrx_word' id='word_1_198' title='bbox 993 1319 1080 1354; x_wconf 87' lang='lat' dir='ltr'>edic-</span> 
     </span>
     <span class='ocr_line' id='line_1_26' title="bbox 27 1371 1079 1418; baseline -0.001 -12"><span class='ocrx_word' id='word_1_199' title='bbox 27 1375 99 1406; x_wconf 88' lang='lat' dir='ltr'>tum</span> <span class='ocrx_word' id='word_1_200' title='bbox 118 1371 328 1413; x_wconf 81' lang='lat' dir='ltr'>conveniant,</span> <span class='ocrx_word' id='word_1_201' title='bbox 346 1371 408 1407; x_wconf 90' lang='lat' dir='ltr'>sub</span> <span class='ocrx_word' id='word_1_202' title='bbox 426 1384 568 1417; x_wconf 88' lang='lat' dir='ltr'>quorum</span> <span class='ocrx_word' id='word_1_203' title='bbox 585 1373 693 1407; x_wconf 85' lang='lat' dir='ltr'>tutela</span> <span class='ocrx_word' id='word_1_204' title='bbox 710 1376 811 1418; x_wconf 82' lang='lat' dir='ltr'>atque</span> <span class='ocrx_word' id='word_1_205' title='bbox 828 1384 908 1407; x_wconf 90' lang='lat' dir='ltr'>cura</span> <span class='ocrx_word' id='word_1_206' title='bbox 925 1371 1079 1406; x_wconf 88' lang='lat' dir='ltr'>militent.</span> 
     </span>
     <span class='ocr_line' id='line_1_27' title="bbox 27 1422 1133 1459; baseline 0.001 -1"><span class='ocrx_word' id='word_1_207' title='bbox 27 1422 139 1458; x_wconf 89' lang='lat' dir='ltr'>Lacus</span> <span class='ocrx_word' id='word_1_208' title='bbox 155 1423 405 1458; x_wconf 85' lang='lat' dir='ltr'>Trasumennus</span> <span class='ocrx_word' id='word_1_209' title='bbox 423 1427 457 1459; x_wconf 90' lang='lat' dir='ltr'>et</span> <span class='ocrx_word' id='word_1_210' title='bbox 480 1424 604 1459; x_wconf 84' lang='lat' dir='ltr'>Cannae</span> <span class='ocrx_word' id='word_1_211' title='bbox 621 1424 734 1459; x_wconf 85' lang='lat' dir='ltr'>tristia</span> <span class='ocrx_word' id='word_1_212' title='bbox 751 1424 793 1459; x_wconf 84' lang='lat' dir='ltr'>ad</span> <span class='ocrx_word' id='word_1_213' title='bbox 815 1423 1080 1458; x_wconf 87' lang='lat' dir='ltr'>recordationem</span> <span class='ocrx_word' id='word_1_214' title='bbox 1095 1430 1133 1459; x_wconf 89' lang='grc'>15</span> 
     </span>
     <span class='ocr_line' id='line_1_28' title="bbox 27 1475 1080 1521; baseline -0.001 -12"><span class='ocrx_word' id='word_1_215' title='bbox 27 1475 183 1520; x_wconf 78' lang='lat' dir='ltr'>exempla</span> <span class='ocrx_word' id='word_1_216' title='bbox 205 1475 264 1510; x_wconf 87' lang='lat' dir='ltr'>sed</span> <span class='ocrx_word' id='word_1_217' title='bbox 281 1475 322 1510; x_wconf 90' lang='lat' dir='ltr'>ad</span> <span class='ocrx_word' id='word_1_218' title='bbox 346 1476 579 1521; x_wconf 79' lang='lat' dir='ltr'>praecavendas</span> <span class='ocrx_word' id='word_1_219' title='bbox 597 1476 720 1511; x_wconf 89' lang='lat' dir='ltr'>similes</span> <span class='ocrx_word' id='word_1_220' title='bbox 744 1475 854 1511; x_wconf 86' lang='lat' dir='ltr'>clades</span> <span class='ocrx_word' id='word_1_221' title='bbox 879 1475 1080 1510; x_wconf 86' lang='lat' dir='ltr'>documento</span> 
     </span>
     <span class='ocr_line' id='line_1_29' title="bbox 28 1526 1080 1573; baseline 0 -13"><span class='ocrx_word' id='word_1_222' title='bbox 28 1529 118 1561; x_wconf 88' lang='lat' dir='ltr'>sunt.</span> <span class='ocrx_word' id='word_1_223' title='bbox 168 1527 294 1569; x_wconf 85' lang='lat' dir='ltr'>Praeco,</span> <span class='ocrx_word' id='word_1_224' title='bbox 324 1527 507 1562; x_wconf 81' lang='lat' dir='ltr'>Aniensem</span> <span class='ocrx_word' id='word_1_225' title='bbox 529 1528 703 1573; x_wconf 88' lang='lat' dir='ltr'>juniorum</span> <span class='ocrx_word' id='word_1_226' title='bbox 730 1527 767 1562; x_wconf 90' lang='lat' dir='ltr'>in</span> <span class='ocrx_word' id='word_1_227' title='bbox 801 1526 996 1573; x_wconf 84' lang='lat' dir='ltr'>suffragium</span> <span class='ocrx_word' id='word_1_228' title='bbox 1028 1539 1080 1561; x_wconf 87' lang='lat' dir='ltr'>re-</span> 
     </span>
     <span class='ocr_line' id='line_1_30' title="bbox 27 1576 1152 1621; baseline 0.003 -9"><span class='ocrx_word' id='word_1_229' title='bbox 27 1579 143 1613; x_wconf 86' lang='lat' dir='ltr'>voca.’&#39;</span> <span class='ocrx_word' id='word_1_230' title='bbox 194 1579 305 1621; x_wconf 83' lang='lat' dir='ltr'>Quum</span> <span class='ocrx_word' id='word_1_231' title='bbox 334 1579 372 1614; x_wconf 90' lang='grc' dir='ltr'>Τ.</span> <span class='ocrx_word' id='word_1_232' title='bbox 402 1579 565 1614; x_wconf 82' lang='lat' dir='ltr'>Otacilius</span> <span class='ocrx_word' id='word_1_233' title='bbox 593 1579 751 1614; x_wconf 86' lang='lat' dir='ltr'>ferociter</span> <span class='ocrx_word' id='word_1_234' title='bbox 779 1591 855 1614; x_wconf 84' lang='lat' dir='ltr'>eum</span> <span class='ocrx_word' id='word_1_235' title='bbox 884 1579 1080 1614; x_wconf 83' lang='lat' dir='ltr'>continuare</span> <span class='ocrx_word' id='word_1_236' title='bbox 1096 1576 1152 1617; x_wconf 85' lang='lat'>(9)</span> 
     </span>
     <span class='ocr_line' id='line_1_31' title="bbox 27 1629 1080 1677; baseline 0 -13"><span class='ocrx_word' id='word_1_237' title='bbox 27 1629 239 1665; x_wconf 82' lang='lat' dir='ltr'>consulatum</span> <span class='ocrx_word' id='word_1_238' title='bbox 263 1630 347 1665; x_wconf 87' lang='lat' dir='ltr'>velle</span> <span class='ocrx_word' id='word_1_239' title='bbox 375 1631 615 1666; x_wconf 86' lang='lat' dir='ltr'>vociferaretur</span> <span class='ocrx_word' id='word_1_240' title='bbox 644 1633 745 1677; x_wconf 83' lang='lat' dir='ltr'>atque</span> <span class='ocrx_word' id='word_1_241' title='bbox 774 1631 995 1676; x_wconf 81' lang='lat' dir='ltr'>obstreperet,</span> <span class='ocrx_word' id='word_1_242' title='bbox 1025 1629 1080 1664; x_wconf 91' lang='lat' dir='ltr'>lic-</span> 
     </span>
     <span class='ocr_line' id='line_1_32' title="bbox 27 1681 1081 1728; baseline 0 -13"><span class='ocrx_word' id='word_1_243' title='bbox 27 1684 118 1716; x_wconf 88' lang='lat' dir='ltr'>tores</span> <span class='ocrx_word' id='word_1_244' title='bbox 141 1681 183 1716; x_wconf 85' lang='lat' dir='ltr'>ad</span> <span class='ocrx_word' id='word_1_245' title='bbox 207 1694 284 1716; x_wconf 88' lang='lat' dir='ltr'>eum</span> <span class='ocrx_word' id='word_1_246' title='bbox 305 1681 461 1717; x_wconf 85' lang='lat' dir='ltr'>accedere</span> <span class='ocrx_word' id='word_1_247' title='bbox 482 1682 599 1718; x_wconf 83' lang='lat' dir='ltr'>consul</span> <span class='ocrx_word' id='word_1_248' title='bbox 617 1682 721 1727; x_wconf 81' lang='lat' dir='ltr'>jussit</span> <span class='ocrx_word' id='word_1_249' title='bbox 742 1684 786 1724; x_wconf 88' lang='lat' dir='ltr'>et,</span> <span class='ocrx_word' id='word_1_250' title='bbox 810 1682 888 1728; x_wconf 82' lang='lat' dir='ltr'>quia</span> <span class='ocrx_word' id='word_1_251' title='bbox 912 1682 946 1716; x_wconf 89' lang='lat' dir='ltr'>in</span> <span class='ocrx_word' id='word_1_252' title='bbox 963 1681 1081 1716; x_wconf 83' lang='lat' dir='ltr'>urbem</span> 
     </span>
     <span class='ocr_line' id='line_1_33' title="bbox 27 1733 1079 1779; baseline -0.002 -12"><span class='ocrx_word' id='word_1_253' title='bbox 27 1744 96 1767; x_wconf 90' lang='lat' dir='ltr'>non</span> <span class='ocrx_word' id='word_1_254' title='bbox 118 1733 240 1768; x_wconf 86' lang='lat' dir='ltr'>inierat</span> <span class='ocrx_word' id='word_1_255' title='bbox 264 1734 418 1779; x_wconf 87' lang='lat' dir='ltr'>protinus</span> <span class='ocrx_word' id='word_1_256' title='bbox 441 1735 477 1768; x_wconf 85' lang='lat' dir='ltr'>in</span> <span class='ocrx_word' id='word_1_257' title='bbox 501 1746 653 1778; x_wconf 82' lang='lat' dir='ltr'>campum</span> <span class='ocrx_word' id='word_1_258' title='bbox 688 1746 729 1769; x_wconf 75' lang='lat' dir='ltr'>ex</span> <span class='ocrx_word' id='word_1_259' title='bbox 753 1734 873 1768; x_wconf 86' lang='lat' dir='ltr'>itinere</span> <span class='ocrx_word' id='word_1_260' title='bbox 898 1733 1079 1779; x_wconf 84' lang='lat' dir='ltr'>profectuS,</span> 
     </span>
     <span class='ocr_line' id='line_1_34' title="bbox 28 1783 1082 1832; baseline 0 -14"><span class='ocrx_word' id='word_1_261' title='bbox 28 1783 202 1819; x_wconf 87' lang='lat' dir='ltr'>admonuit</span> <span class='ocrx_word' id='word_1_262' title='bbox 225 1797 301 1820; x_wconf 89' lang='lat' dir='ltr'>cum</span> <span class='ocrx_word' id='word_1_263' title='bbox 323 1785 498 1821; x_wconf 88' lang='lat' dir='ltr'>securibus</span> <span class='ocrx_word' id='word_1_264' title='bbox 523 1785 586 1821; x_wconf 90' lang='lat' dir='ltr'>sibi</span> <span class='ocrx_word' id='word_1_265' title='bbox 610 1785 717 1821; x_wconf 83' lang='lat' dir='ltr'>fasces</span> <span class='ocrx_word' id='word_1_266' title='bbox 738 1785 900 1832; x_wconf 83' lang='lat' dir='ltr'>praeferri.</span> <span class='ocrx_word' id='word_1_267' title='bbox 949 1785 1082 1819; x_wconf 83' lang='lat' dir='ltr'>lterum</span> 
     </span>
    </p>
   </div>
   <div class='ocr_carea' id='block_1_3' title="bbox 76 1847 565 1874">
    <p class='ocr_par' dir='ltr' id='par_1_4' title="bbox 76 1847 565 1874">
     <span class='ocr_line' id='line_1_35' title="bbox 76 1847 565 1874; baseline 0.004 -2"><span class='ocrx_word' id='word_1_268' title='bbox 76 1853 133 1872; x_wconf 65' lang='lat' dir='ltr'>nir.</span> <span class='ocrx_word' id='word_1_269' title='bbox 148 1853 221 1873; x_wconf 72' lang='lat' dir='ltr'>msr.</span> <span class='ocrx_word' id='word_1_270' title='bbox 237 1855 269 1873; x_wconf 88' lang='lat'>11.</span> <span class='ocrx_word' id='word_1_271' title='bbox 544 1847 565 1874; x_wconf 82' lang='lat' dir='ltr'><strong>P</strong></span> 
     </span>
    </p>
   </div>
  </div>
 </body>
</html>
