1272 1921
405 22 494 52 Lus.
519 22 615 52 xxi.
641 22 673 56 4,
687 24 718 53 5.
1079 18 1100 48 5

43 61 78 86 A.
91 61 119 86 c.
134 60 206 91 219.]

42 96 171 128 tractus
198 94 240 128 ad
269 92 304 128 id
332 93 455 129 bellum
481 94 587 129 videri
611 97 735 141 posset.
785 93 955 130 Cartalam
981 93 1096 130 urbem
1113 101 1142 130 3v

43 144 244 189 opulentam,
268 147 368 190 caput
391 145 502 191 gentis
525 145 606 191 ejus,
624 148 795 192 expugnat
820 145 1011 191 diripitque‚
1031 157 1097 191 quo

41 198 135 231 metu
153 195 310 241 perculsae
328 196 471 231 minores
494 197 648 232 civitates
671 196 837 243 stipendio
860 197 1017 242 imposito
1038 198 1098 231 im-

42 246 170 292 perium
194 259 371 292 accepere:
397 247 507 282 victor
531 248 698 283 exercitus
721 248 967 294 opulentusque
985 247 1099 292 praeda

44 297 279 343 Carthaginem
298 310 417 333 novam
434 299 469 333 in
486 298 624 333 hiberna
640 302 692 334 est
710 299 884 334 deductus.
934 299 987 333 Ibi
1007 299 1098 345 large
1113 307 1134 336 4

41 348 216 394 partiendo
234 349 379 394 praedam
402 349 637 396 stipendioque
659 350 832 396 praeterito
855 362 930 385 cum
954 349 1019 384 fide
1042 363 1099 385 ex-

42 399 200 434 solvendo
240 401 370 435 cunctis
408 401 530 436 civium
568 402 800 447 sociorumque
839 401 957 436 animis
991 401 1026 435 in
1061 414 1098 436 se

41 451 182 486 firmatis
214 464 292 486 vere
325 452 431 497 primo
468 452 504 486 in
537 453 694 488 Vaccaeos
733 455 922 498 promotum
961 452 1095 488 bellum.

42 502 270 538 Hermandica
294 507 328 537 et
353 503 519 538 Arbocala
542 515 659 538 eorum
684 503 784 539 urbes
808 504 841 539 vi
866 506 983 549 captae.
1032 505 1129 538 Ar-5

42 553 157 588 bocala
181 557 215 589 et
240 554 366 589 virtute
390 557 423 589 et
448 554 665 590 multitudine
690 555 931 601 oppidanorum
958 555 1015 590 diu
1040 555 1097 590 de-

42 605 145 640 fensa.
195 605 249 640 Ab
278 605 505 640 Hermandica
530 606 665 651 profugi
689 607 860 641 exsulibus
887 606 1099 642 Olcadum—

42 657 152 702 priorc
169 658 285 691 aestate
303 656 436 692 domitae
453 657 716 703 gentis—quum
741 670 778 693 se
798 658 1002 704 junxissent,
1020 670 1098 692 con-

42 708 149 743 citant
178 707 418 753 Carpentanos,
449 708 624 754 adortique
653 709 878 744 Hannibalem
907 722 1098 756 regressum

43 771 84 794 ex
109 759 258 794 Vacoaeis
291 759 381 794 haud
410 759 525 805 procul
557 760 649 806 Tago
682 761 819 796 flumine
848 773 968 806 agmen
996 773 1098 807 grave

42 811 155 857 praeda
170 811 358 846 turbavere.
401 811 571 847 Hannibal
589 812 704 858 proelio
721 812 895 856 abstinuit,
913 813 1097 859 castrisque
1111 818 1130 848 6

43 875 144 908 super
175 863 281 908 ripam
309 862 438 908 positis,
471 875 574 909 quum
603 864 710 909 prima
738 864 832 909 quies
861 864 1098 910 silentiumque

42 913 84 948 ab
116 914 269 949 hostibus
302 914 378 956 fuit,
413 926 542 949 amnem
575 914 659 949 vado
692 915 835 961 trajecit,
866 915 1017 961 valloque
1049 916 1098 951 ita

42 965 207 1011 producto
224 968 262 1000 ut
280 965 389 1001 locum
407 965 448 1000 ad
465 966 777 1012 transgrediendum
794 967 908 1002 hostes
926 967 1097 1009 haberent,

42 1016 199 1051 invadere
224 1029 281 1052 eos
307 1020 522 1052 transeuntes
551 1018 681 1052 statuit.
731 1018 913 1063 Equitibus
938 1019 1097 1064 praecepit
1112 1027 1130 1058 7

42 1072 92 1109 ut,
112 1080 215 1114 quum
228 1068 396 1114 ingressos
414 1080 532 1113 aquam
546 1068 706 1110 viderent,
723 1068 931 1104 adorirentur
948 1069 1099 1115 pediturn

44 1131 183 1165 agmen:
213 1119 248 1154 in
273 1119 345 1164 ripa
369 1119 834 1166 elephantos—quadraginta
862 1124 974 1156 autem
1003 1124 1099 1156 erant

42 1170 248 1215 —disponit.
300 1170 589 1216 carpentanorum
622 1183 697 1206 cum
731 1172 969 1217 appendicibus
1003 1172 1130 1211 Olea-8

43 1221 124 1256 dum
147 1222 430 1267 Vaccaeorumque
454 1225 589 1256 centum
612 1222 715 1257 millia
737 1222 841 1265 fuere,
859 1223 984 1258 invicta
1000 1225 1097 1266 acies,

43 1273 72 1307 si
89 1285 184 1319 aequo
201 1273 417 1309 dimicaretur
441 1285 568 1319 campo.
617 1274 738 1319 Itaque
757 1277 790 1309 et
813 1274 947 1320 ingenio
970 1275 1098 1311 feroces
1111 1285 1130 1314 9

43 1327 78 1358 et
102 1324 319 1359 multitudine
344 1324 423 1359 freti
448 1327 492 1366 et,
520 1324 609 1370 quod
633 1329 727 1360 metu
752 1325 891 1361 cessisse
918 1327 1099 1362 credebant

43 1375 185 1418 hostem,
204 1375 239 1410 id
260 1375 383 1410 morari
400 1375 574 1410 victoriam
596 1376 662 1411 rati
679 1376 768 1422 quod
785 1377 963 1412 interesset
981 1379 1096 1420 amnis,

44 1426 187 1462 clamore
208 1427 340 1462 sublato
365 1427 489 1471 passim
509 1427 580 1462 sine
602 1427 704 1462 ullius
733 1428 871 1476 imperio
894 1441 960 1474 qua
979 1429 1099 1475 cuique

44 1478 234 1522 proximum
262 1481 313 1513 est
342 1478 377 1513 in
406 1490 535 1512 amnem
564 1484 678 1514 ruunt.
725 1480 772 1514 Et
801 1492 842 1515 ex
870 1484 966 1525 parte
996 1481 1153 1516 alteralO

43 1529 124 1574 ripae
149 1529 199 1564 vis
222 1529 340 1575 ingens
363 1529 514 1575 equitum
536 1529 572 1564 in
594 1530 719 1566 flumen
741 1531 898 1574 immissa,
924 1532 1100 1578 medioque

44 1580 138 1615 alveo
164 1580 420 1626 haudquaquam
442 1581 515 1626 pari
539 1582 720 1617 certamine
745 1595 954 1625 concursum,
977 1584 1100 1630 quippe

44 1631 103 1666 ubi
132 1631 232 1677 pedes
258 1632 422 1667 instabilis
449 1644 487 1667 ac
516 1632 574 1667 vix
598 1634 682 1668 vado
708 1634 812 1669 fidens
840 1635 890 1670 vel
915 1635 955 1670 ab
982 1635 1099 1670 inermi

45 1683 158 1728 equite
175 1695 261 1729 equo
284 1686 411 1718 temere
436 1687 511 1718 acto
538 1685 684 1729 perverti
701 1688 825 1730 posset,
845 1698 946 1732 eques
963 1699 1102 1732 corpore

45 1734 212 1780 armisque
234 1734 450 1781 fiber-equo
472 1735 526 1770 vel
548 1748 608 1782 per
630 1736 755 1772 medios
772 1737 926 1783 gurgites
943 1738 1103 1773 stabili-
