1298 1921
369 40 457 71 LIB.
481 38 601 70 XXII.
622 40 650 76 5,
667 39 697 70 6.
1033 39 1073 71 73

30 83 62 108 Α.
74 82 102 108 0.
116 81 186 115 217.]

27 115 83 151 bat
115 127 231 161 opem:
267 114 497 161 insignemque
529 114 629 150 armis
662 116 696 149 et
730 113 844 149 hostes
876 123 1008 147 summa
1039 113 1075 148 vi

25 165 183 212 petebant
212 168 246 201 et
275 166 459 201 tuebantur
487 166 586 208 cives,
615 166 721 202 donec
752 163 896 199 Insuber
924 175 1075 210 eques—

24 217 171 253 Ducario
189 229 308 252 nomeu
325 217 527 252 erat—facie
551 229 683 263 quoque
708 216 877 252 noscitans
900 215 1073 250 consulem

26 271 47 286 “
61 269 136 304 En’'
154 269 263 315 inquit
283 272 303 286 “
316 269 369 304 1110
385 269 459 304 est’'
478 268 693 314 popularibus
715 268 795 309 suis,
817 271 838 285 “
851 266 907 313 qui
924 266 1072 312 legiones

22 322 153 354 nostras
182 319 302 355 cecidit
334 331 498 365 agrosque
529 323 563 354 et
591 320 709 355 urbem
742 321 793 354 est
826 317 1068 363 depopulatus!

17 372 89 416 jam
118 383 181 417 ego
210 371 295 406 hauc
322 371 492 406 victimam
516 370 676 406 Manibus
706 372 954 417 peremptorum
985 369 1072 404 foede

23 421 144 457 civium
161 421 293 457 dabo:''
318 422 527 468 subditisque
550 422 734 457 calcaribus
758 433 843 467 equo
866 433 924 466 per
942 420 1072 455 conser-

22 472 183 508 tissimam
213 473 361 508 hostium
388 473 523 509 turbam
547 473 711 519 impetum
739 473 829 514 facit,
855 471 1073 506 obtruncato-

22 535 88 570 que
120 524 213 570 prius
246 525 420 570 armigero,
447 524 504 570 qui
533 536 568 559 se
600 524 725 559 infesto
757 523 906 559 venienti
938 522 1071 558 obviam

21 574 197 620 objecerat,
223 576 392 610 consulem
415 575 529 621 lancea
550 575 739 610 transfixit:
767 574 910 620 spoliare
935 574 1071 620 cupien-

21 629 88 661 tem
106 627 213 662 triarii
230 627 370 673 objectis
388 627 492 662 scutis
516 639 663 662 arcuere.
713 627 850 672 Magnae
868 625 971 671 partis
989 626 1070 671 fuga
1083 634 1101 662 2

20 676 97 712 inde
129 678 272 723 primum
304 678 425 723 coepit:
460 681 494 712 et
521 680 591 723 jan]
625 690 687 712 nec
719 677 811 712 lacus
843 682 906 712 nec
938 681 1069 712 montes

20 729 135 774 pavori
159 728 358 764 obstabant:
386 741 444 773 per
468 729 579 764 omnia
604 734 697 764 arcta
720 731 958 774 praeruptaque
975 728 1069 763 velut

20 779 98 814 caeci
123 779 278 823 evadunt,
303 792 458 826 armaque
479 785 513 815 et
539 780 603 815 viri
626 792 728 825 super
754 779 856 814 alium
877 779 933 814 alii
955 779 1070 825 praeci-

19 831 180 876 pitantur.
223 831 307 866 Pars
324 843 454 877 magna,
469 831 528 866 ubi
544 831 637 866 locus
654 832 743 875 fugae
761 830 865 872 deest,
885 843 945 876 per
961 831 1100 876 prima3

19 881 104 916 vada
125 881 256 927 paludis
278 882 313 916 in
333 894 452 928 aquam
476 882 654 928 progressi,
683 882 793 928 quoad
818 881 984 927 capitibus
1009 882 1069 917 hu-

18 933 184 978 merisque
201 936 335 968 exstare
353 937 504 979 possunt,
520 946 592 968 sese
609 933 833 979 immergunt:
860 934 964 975 fuere,
984 946 1067 992 quos

18 983 227 1020 inconsultus
255 997 359 1030 pavor
387 985 496 1020 nando
525 985 627 1020 etiam
660 998 832 1031 capessere
858 985 975 1031 fugam
1006 985 1068 1020 im-

18 1035 151 1081 pulerit,
171 1049 248 1082 quae
265 1036 348 1071 11111
340 1049 501 1071 lmmensa
517 1048 554 1071 ac
572 1036 642 1071 sine
660 1049 720 1082 spe
737 1040 819 1078 erat
837 1039 895 1071 aut
897 1014 1068 1071 Οά01101611-

17 1087 109 1122 tibus
132 1087 249 1122 animis
273 1087 512 1122 hauriebantur
534 1088 736 1134 gurgitibus,
764 1091 822 1122 aut
845 1088 1067 1146 nequicquam

32 1139 98 1173 essi
119 1138 204 1173 vada
226 1142 316 1173 retro
342 1139 516 1184 aegelrime
539 1139 746 1185 repetebant
772 1143 873 1186 atque
895 1139 941 1174 ibi
959 1139 1025 1175 ab
1016 1152 1067 1175 m-

58 1189 140 1224 essis
158 1201 277 1235 aquam
294 1168 440 1224 hostium
464 1190 633 1236 equitibus
657 1190 780 1236 passim
797 1190 1064 1226 trucidabantur.

17 1240 84 1275 Sex
99 1240 201 1275 millia
214 1241 317 1275 ferme
331 1241 428 1286 primi
442 1241 583 1287 agminis
598 1253 656 1286 per
671 1241 827 1276 adversos
840 1242 954 1277 hostes
968 1254 1066 1288 erup-
1078 1249 1098 1278 4

31 1291 107 1326 ione
130 1291 273 1337 impigre
298 1292 398 1333 facta,
420 1292 529 1338 ignari
553 1293 703 1327 omnium
730 1305 802 1338 quae
826 1296 902 1338 post
925 1305 962 1328 se
988 1306 1064 1335 age-

34 1345 142 1385 entur,
167 1355 208 1377 ex
233 1342 322 1377 saltu
346 1355 490 1386 evasere,
517 1346 550 1378 et
576 1356 682 1389 quum
705 1343 741 1378 111
765 1344 895 1379 tumulo
921 1345 1063 1390 quodam

35 1394 257 1435 omtitissent,
284 1394 461 1429 clamorem
485 1394 584 1429 modo
609 1406 647 1429 ac
671 1406 790 1429 sonum
816 1407 983 1430 armorum
1008 1409 1063 1431 au-

39 1445 153 1502 entes,
189 1457 262 1491 quae
294 1445 431 1480 fortuna
462 1457 584 1491 pugnae
617 1450 715 1489 esset,
744 1459 852 1492 neque
884 1447 968 1482 scire
1000 1460 1062 1483 nec

37 1496 202 1541 erspicere
234 1508 301 1542 prae
334 1496 475 1542 caligine
508 1497 892 1542 poterant.1nclinata
919 1497 1061 1544 denique
1074 1507 1093 1536 5

31 1559 49 1582 e
74 1559 177 1593 quum
209 1547 430 1582 incalescente
455 1547 524 1582 sole
550 1547 698 1593 dispulsa
728 1548 851 1583 nebula
875 1550 1060 1595 aperuisset

37 1599 110 1642 iem,
128 1602 200 1633 tum
223 1588 377 1644 liquida
366 1611 435 1644 Jam
460 1598 534 1633 luce
556 1602 687 1634 montes
711 1600 885 1658 campique
910 1601 1059 1646 perditas

20 1662 65 1685 es
83 1654 290 1696 stratamque
311 1649 486 1684 ostendere
511 1649 598 1685 foede
622 1651 806 1685 Romanam
828 1652 941 1687 aciem.
991 1653 1058 1687 Ita·
1072 1660 1091 1690 6

34 1713 86 1744 ue,
103 1713 144 1736 ne
166 1701 201 1735 in
224 1704 422 1745 conspectos
445 1701 563 1745 procul
585 1701 824 1737 immitteretur
849 1715 959 1749 eques,
984 1703 1059 1738 sub-

24 1752 87 1788 atis
112 1752 232 1798 raptim
257 1751 362 1797 signis
388 1764 484 1797 quam
512 1752 710 1787 citatissimo
736 1757 893 1798 poterant
927 1755 1060 1801 agmine
