1298 1921
199 40 237 71 78
439 38 475 68 Τ.
501 37 620 67 LIVII
645 37 979 67 HISTORIARUM
1083 78 1121 108 [A
1145 79 1164 102 c
1187 78 1235 104 217

196 112 269 157 lege
286 111 386 153 volet,
406 111 529 146 facito:
556 123 620 156 quo
644 111 740 145 modo
758 110 852 152 faxit,
871 110 974 155 probe
999 110 1126 145 factum
1150 115 1244 146 esto:

197 164 224 197 si
242 162 275 197 id
292 163 432 197 moritur
449 162 537 208 quod
554 163 625 197 fieri
648 162 824 207 oportebit,
844 162 1018 205 profanum
1042 166 1114 196 esto
1137 174 1245 207 neque

196 213 302 248 scelus
320 217 392 247 esto
408 226 414 247 :
441 214 469 247 si
486 213 559 258 quis
583 217 715 259 rumpet
733 212 902 247 occidetve
922 213 1075 253 insciens,
1094 225 1136 247 ne
1154 213 1245 247 fraus

196 267 291 298 esto:
317 264 345 298 si
374 264 447 309 quis
476 264 612 309 clepset,
640 277 682 299 ne
707 263 828 309 populo
854 264 960 298 scelus
985 266 1057 298 esto
1083 276 1166 298 neve
1191 263 1246 298 cui

196 315 340 360 cleptum
367 315 450 349 crit:
477 315 505 349 si
530 318 603 349 atro
627 315 679 349 die
704 315 787 349 faxit
813 315 966 356 insciens,
993 314 1095 360 probe
1120 314 1246 349 factum

196 370 268 400 esto
283 381 289 400 :
317 366 345 400 si
363 369 460 400 nocte
479 366 547 400 sive
564 366 648 405 luce,
667 366 694 400 si
712 378 827 400 servus
845 366 913 400 sive
931 365 1013 400 liber
1030 366 1123 406 faxit,
1142 364 1245 411 probe

179 417 321 451 ¹facturn
343 421 434 451 esto:
462 417 489 451 si
511 420 588 452 ante
610 417 643 459 id
661 430 699 452 ea
720 421 857 452 senatus
877 417 1085 463 populusque
1103 417 1244 461 jusserit

167 469 266 504 3lieri
283 480 321 503 ac
343 468 439 509 faxit,
459 480 497 502 eo
515 468 658 513 populus
682 468 811 503 solutus
829 468 912 503 liber
929 469 1034 502 estof’
1083 467 1245 512 Ejusdem

195 519 243 554 rei
264 531 363 554 eausa
387 519 457 553 ludi
474 520 586 564 magni
612 519 681 554 voti
698 519 770 554 {eris
792 519 952 554 trecentis
974 518 1113 563 triginta
1136 518 1243 553 tribus

194 570 338 604 millibus
365 570 523 604 trecentis
547 570 687 616 triginta
711 570 819 605 tribus
837 570 970 611 triente,
990 573 1112 615 praeter
1129 582 1167 603 ea
1183 569 1244 603 bu-

194 620 256 655 bus
273 621 351 655 Jovi
373 622 543 663 trecentis,
562 621 676 656 multis
702 621 773 656 aliis
796 621 883 656 divis
911 621 1018 656 bubus
1044 620 1126 655 albis
1145 624 1244 666 atque

165 680 185 708 4
195 673 322 707 caeteris
336 673 464 707 hostiis.
514 673 613 707 Votis
626 673 690 707 rite
702 673 902 718 nuncupatis
915 672 1113 718 supplicatio
1125 671 1243 714 edicta,

194 723 482 769 supplicatumque
514 724 581 758 iere
618 736 694 758 cum
727 724 925 769 conjugibus
959 736 996 758 ae
1035 723 1145 758 liberis
1178 735 1244 757 non

193 774 321 809 urbana
337 774 517 809 multitudo
540 778 672 809 tantum
690 775 748 809 sed
774 775 958 820 agrestium
976 774 1086 815 etiam,
1105 786 1187 820 quos
1210 774 1243 808 in

169 825 304 872 =aliqua
332 838 393 860 sua
420 825 556 860 fortuna
584 826 716 871 publica
743 838 873 871 quoque
907 825 1120 870 contingebat
1153 837 1242 859 cura.

165 877 278 913 5Tu1n
314 877 556 911 lectisternium
588 889 646 922 per
678 876 827 911 triduum
866 876 1017 911 habitum
1049 876 1242 911 decemviris

194 940 362 963 sacrorum
403 928 622 962 curantibus:
665 940 726 962 sex
763 927 950 972 pulvinaria
986 928 1021 962 in
1061 931 1243 972 conspeetu

193 980 341 1021 fuerunt,
373 979 451 1014 Jovi
480 991 518 1013 ac
546 979 672 1013 Junoni
704 991 817 1020 unuln,
845 979 984 1013 alterurn
1014 978 1176 1023 Neptuno
1205 990 1243 1013 uc

193 1030 368 1072 Minervae,
395 1030 534 1064 tertium
560 1030 665 1064 Marti
692 1042 730 1064 ac
754 1030 888 1071 Veneri,
916 1032 1071 1075 quartum
1096 1029 1244 1074 Apollini

194 1093 232 1116 ac
258 1081 385 1125 Diame,
413 1081 566 1126 quintum
593 1081 745 1115 Vulcano
771 1093 808 1115 ac
837 1081 961 1120 Vestae,
987 1083 1117 1115 sextum
1148 1081 1241 1114 Mer-

165 1133 285 1170 sscurio
318 1136 352 1167 et
387 1132 512 1167 Cereri.
562 1132 647 1166 Tum
680 1132 766 1167 aedes
799 1134 905 1167 votae:
945 1132 1067 1166 Veneri
1091 1132 1242 1177 Erycinae

193 1183 297 1219 aeclem
324 1185 366 1222 Q.
385 1183 510 1219 Fabius
536 1184 707 1218 Maximus
732 1183 876 1218 dictator
900 1183 1001 1224 vovit,
1028 1183 1106 1228 quia
1128 1183 1176 1218 ita
1200 1195 1241 1218 ex

193 1235 349 1270 fatalibus
372 1235 464 1270 libris
487 1234 633 1269 edictum
651 1237 732 1276 erat,
750 1238 789 1268 ut
812 1234 839 1269 is
864 1237 999 1268 voveret
1022 1236 1118 1279 cujus
1139 1235 1241 1268 maxi-

165 1291 283 1325 71num
300 1287 475 1332 imperium
496 1286 530 1320 in
547 1286 683 1320 civitate
705 1288 804 1320 esset.
854 1285 965 1320 Menti
982 1285 1086 1320 aedem
1107 1285 1144 1320 T.
1162 1285 1243 1320 Ota-

193 1337 287 1372 cilius
306 1340 429 1382 praetor
446 1337 548 1372 vovit.

109 1388 183 1430 (11)
240 1390 294 1423 Ita
326 1388 425 1423 rebus
455 1388 575 1423 divinis
607 1387 752 1433 peractis
779 1389 852 1422 tuni
886 1387 926 1422 de
958 1386 1044 1422 bello
1073 1399 1173 1433 reque
1202 1387 1242 1422 de

192 1439 324 1486 publica
346 1440 490 1475 dictator
511 1439 654 1481 rettulit,
682 1439 803 1485 quibus
825 1442 948 1484 quotve
972 1438 1157 1483 legionibus
1179 1439 1243 1473 vic-

164 1491 257 1529 2tori
275 1491 364 1526 hosti
381 1491 512 1526 obviam
539 1490 685 1526 eundum
708 1503 780 1525 esse
804 1493 918 1535 patres
943 1495 1127 1524 censerent.
1177 1490 1242 1525 De-

193 1545 321 1577 cretum
338 1545 377 1577 ut
395 1543 435 1577 ab
454 1543 514 1577 Cn.
534 1542 674 1577 Servilio
692 1541 826 1576 consule
847 1542 1029 1576 exercitum
1056 1541 1240 1590 acciperet:

193 1593 352 1629 scriberet
377 1597 498 1640 praeter
515 1606 554 1628 ea
570 1606 613 1628 ex
638 1593 765 1628 civibus
784 1593 947 1638 sociisque
971 1596 1132 1638 quantum
1149 1593 1241 1638 equi-

191 1647 264 1679 tum
297 1657 335 1679 ac
367 1645 517 1690 peditum
543 1644 732 1679 videretur:
766 1647 886 1678 crotera
914 1644 1024 1678 omnia
1048 1646 1161 1689 ageret
1193 1643 1241 1677 sa-

162 1699 348 1742 3ceretquc
366 1700 403 1731 ut
421 1709 439 1731 c
456 1709 491 1731 re
509 1696 643 1742 publica
659 1695 806 1731 duceret.
855 1695 978 1730 Fabius
996 1695 1077 1730 duas
1095 1695 1240 1740 legiones

192 1760 227 1783 se
245 1747 454 1794 adjecturum
480 1748 521 1783 ad
540 1747 759 1783 Servilianum
784 1747 968 1782 exereitum
989 1746 1095 1782 dixit:
1120 1746 1160 1782 iis
1181 1758 1241 1791 pcr
