1298 1921
405 47 494 77 LIB.
520 45 616 77 XXI.
641 47 778 76 30—32.
1069 50 1105 78 31

58 91 219 122 A.c.218.]

59 127 117 158 aut
135 124 222 158 fama
238 123 383 159 inferior.
433 124 516 158 Tum
541 122 667 157 discors
691 124 783 156 erat:
810 122 904 168 regni
928 122 1138 160 certamine4«

59 174 269 220 ambigebant
294 175 435 209 fratres:
469 176 576 219 major
609 176 643 208 et
674 173 732 218 qui
765 173 856 218 prius
889 173 1105 218 imperitarat,

57 224 209 259 Braneus
234 226 376 267 nomine,
401 225 527 260 minore
553 224 593 260 ab
618 225 728 259 fratre
754 227 788 258 et
813 226 903 258 coetu
922 224 1106 269 juniorum,

58 275 115 321 qui
143 275 218 321 jure
250 276 360 311 minus
392 276 426 311 vi
458 276 532 321 plus
566 277 710 321 poterat,
746 274 941 320 pellebatur.
991 275 1136 320 Hujus5

57 326 229 362 seditionis
258 330 507 373 peropportuna
538 326 740 371 disceptatio
771 338 873 371 quum
906 325 947 360 ad
979 326 1111 360 Hanni-

56 376 163 412 balem
188 380 313 422 rejecta
334 384 432 420 esset,
460 377 584 413 arbiter
607 377 706 423 regni
735 377 855 418 factus,
883 376 972 422 quod
996 389 1034 411 ea
1058 389 1109 412 se-

55 431 156 463 natus
178 429 430 475 principumque
455 429 625 464 sententia
650 429 771 472 fuerat,
789 428 964 473 imperium
989 428 1107 473 majori

55 480 215 515 restituit.
265 480 318 515 Ob
344 480 378 515 id
402 480 559 515 meritum
583 482 776 515 commeatu
808 479 968 524 copiaque
996 485 1137 515 rerumss

55 531 203 566 omnium
227 531 369 566 maxime
393 531 497 566 vestis
522 533 574 566 est
600 530 748 575 adjutus,
767 542 865 576 quam
890 530 1028 565 infames
1051 530 1108 565 fri-

55 582 193 627 goribus
218 582 320 628 Alpes
345 582 524 628 praeparari
553 581 730 627 cogebant.
782 581 912 616 Sedatis
939 581 1138 619 Hannibal?

55 633 291 668 certaminibus
308 633 527 679 Allobrogum
548 645 652 678 quum
666 635 736 677 jam
753 632 857 678 Alpes
882 635 1023 678 peteret,
1040 646 1108 669 non

54 687 146 718 recta
162 685 297 730 regione
314 685 378 719 iter
395 684 546 719 instituit
571 683 630 718 sed
647 683 689 718 ad
714 683 830 718 laevam
849 683 884 718 in
900 683 1108 719 Tricastinos

54 734 160 778 flexit,
177 735 254 770 inde
270 747 329 781 per
343 738 527 770 extremam
545 747 636 769 oram
649 734 892 770 Vocontiorum
910 735 981 780 agri
997 736 1107 771 tendit

53 785 89 820 in
111 786 275 821 Tricorios
298 786 388 821 haud
412 798 555 831 usquam
579 785 741 831 impedita
761 785 825 828 via,
847 785 1041 831 priusquam
1066 787 1107 822 ad

53 835 253 872 Druentiam
277 838 401 873 fiumen
424 836 586 882 pervenit.
636 837 672 872 Is
690 839 725 871 et
747 836 820 881 ipse
834 836 977 882 Alpinus
1003 839 1138 877 amniss

52 888 152 934 longe
169 889 315 924 omnium
334 888 448 924 Gallice
462 888 637 923 fluminum
655 887 866 922 difficillimus
878 889 1025 923 transitu
1038 893 1106 925 est:

53 950 140 982 nam,
155 952 256 985 quum
271 952 364 986 aquae
378 940 445 974 vim
458 940 556 974 vehat
573 939 754 985 ingentem,
768 942 961 975 nontamen
973 941 1109 977 navium

53 990 185 1035 patiens
210 994 271 1035 est,
298 992 375 1038 quia
398 991 499 1026 nullis
524 991 690 1026 coercitus
715 991 806 1036 ripis,
833 991 985 1036 pluribus
1011 993 1109 1029 simul

53 1053 160 1087 neque
177 1042 293 1077 iisdem
312 1043 414 1077 alveis
438 1043 557 1085 fluens,
575 1054 662 1077 nova
686 1054 815 1087 semper
831 1043 917 1077 vada
938 1056 1108 1090 novosque

53 1093 287 1139 gurgites—et
309 1094 351 1129 ob
369 1093 484 1129 eadem
506 1093 611 1138 pediti
634 1105 766 1139 quoque
783 1093 912 1129 incerta
933 1095 987 1130 via
1007 1099 1106 1131 est—

53 1143 95 1178 ad
119 1144 181 1179 hoc
206 1157 286 1179 saxa
309 1145 461 1190 glareosa
483 1145 630 1186 volvens,
654 1144 738 1178 nihil
763 1144 881 1180 stabile
905 1158 967 1181 nec
990 1149 1102 1183 tutum

51 1193 253 1241 ingredienti
276 1196 412 1242 praebet.
462 1196 507 1231 Et
525 1198 599 1230 tum
623 1195 712 1230 forte
729 1195 891 1231 imbribus
913 1200 1032 1233 auctus
1055 1199 1103 1234 in·
1118 1206 1137 1236 9

51 1250 186 1292 gentem
210 1247 532 1293 transgredientibus
556 1246 740 1281 tumultum
765 1246 855 1289 fecit,
875 1261 978 1293 quum
1004 1262 1104 1296 super

52 1301 173 1332 caetera
196 1298 418 1344 trepidatione
442 1298 507 1344 ipsi
531 1310 592 1333 sua
616 1300 718 1343 atque
741 1298 878 1333 incertis
903 1299 1102 1337 clamoribus

50 1347 278 1384 turbarentur.

98 1399 136 1434 P.
154 1401 324 1436 Cornelius
341 1400 457 1436 consul
473 1400 585 1435 triduo
608 1400 678 1435 fere
703 1402 788 1446 post,
808 1413 907 1447 quam
928 1402 1096 1440 Hanniba]
1111 1405 1195 1450 (32)

51 1461 72 1484 a
89 1450 161 1497 ripa
184 1451 340 1487 Rhodani
362 1453 476 1494 movit,
496 1451 658 1498 quadrato
676 1452 807 1498 agmine
831 1452 873 1488 ad
890 1457 1000 1489 castra
1021 1457 1096 1491 hos-

51 1501 136 1536 tium
160 1506 298 1538 venerat
322 1503 446 1538 nullam
469 1502 648 1538 dimicandi
670 1515 795 1538 moram
818 1504 981 1541 facturus.
1032 1507 1100 1543 Cae-
1117 1512 1136 1541 2

49 1554 160 1588 terum
193 1554 251 1589 ubi
283 1554 416 1589 deserta
446 1554 655 1589 munimenta
685 1566 748 1589 nec
779 1554 876 1591 facile
909 1569 944 1591 se
969 1559 1102 1594 tantum

49 1614 244 1649 progressos
258 1605 521 1651 adseqnuturum
539 1605 640 1647 videt,
657 1605 698 1639 ad
715 1617 805 1641 mare
822 1618 860 1641 ac
877 1619 978 1643 naves
991 1609 1100 1652 rediit,

49 1656 158 1690 tutius
175 1655 371 1702 faciliusque
391 1657 440 1691 ita
456 1656 671 1691 descendenti
696 1656 736 1692 ab
757 1657 900 1703 Alpibus
918 1659 1102 1696 Hannibali

49 1717 260 1742 occursurus.
310 1708 365 1743 Ne
382 1710 494 1742 tamen
507 1707 598 1742 nuda
614 1707 746 1742 auxiliis
761 1708 923 1745 Romanis
937 1711 1103 1757 Hispania
1115 1720 1133 1749 3

49 1760 147 1800 esset,
181 1771 279 1805 quam
313 1759 518 1805 provinciam
551 1759 692 1794 sortitus
725 1762 807 1803 erat,
833 1761 894 1796 Cn.
914 1762 1102 1809 Scipionem
