1298 1921
186 40 246 69 154
440 37 475 68 Τ.
496 37 612 67 Livii
641 37 976 67 HisroniARUM

1091 81 1120 104 A.
1135 81 1162 104 c.
1178 80 1234 104 216.

184 114 225 147 ab
254 112 335 157 ipsis
360 111 592 157 Neapolitanis
619 111 802 153 accitus—,
825 112 969 157 Neapoli
993 80 1124 158 quodue
1149 114 1236 147 sicut

153 167 172 195 3
189 164 277 198 Nola
301 163 423 198 omissa
448 164 533 208 petit
556 163 747 197 Nuceriam.
799 164 882 197 Eam
909 176 1011 208 quum
1036 164 1237 209 aliquamdiu

187 214 468 256 circumsedisset,
496 226 584 259 saepe
609 214 642 248 vi
667 226 754 258 saepe
787 214 1002 249 sollicitandis
1036 216 1238 260 nequiquam

188 278 278 301 nunc
303 265 399 311 plebe
422 277 511 300 nunc
532 264 747 310 principibus,
770 265 856 300 fame
882 266 1014 300 demum
1039 266 1074 300 in
1099 266 1239 300 deditio-

191 329 267 352 nem
296 316 434 361 accepit,
462 321 581 360 pactus
606 319 645 350 ut
670 315 811 351 inermes
844 328 919 351 eum
945 317 1085 362 singulis
1110 317 1240 351 abirent

155 375 175 403 4
194 368 411 403 vestimentis.
462 366 602 408 Deinde,
622 371 660 401 ut
681 367 737 412 qui
760 380 779 401 a
796 368 956 413 principio
979 369 1069 402 mitis
1087 368 1240 402 omuibus

193 420 322 455 Italicis
352 421 474 464 praeter
504 419 673 452 Romanos
703 418 807 453 videri
837 419 947 459 vellet,
977 420 1111 464 praemia
1140 424 1240 464 atque

193 472 345 512 honores,
364 470 421 515 qui
444 469 663 504 remanserint
684 481 721 504 ac
744 470 886 504 militare
909 482 1021 504 seeum
1046 470 1239 512 voluissent,

156 527 174 556 5
192 523 379 568 proposuit.
429 521 503 555 Nec
520 533 559 555 ea
576 532 634 565 spe
657 532 855 567 qucu‘iquam
877 521 1008 555 tenuit:
1036 521 1153 566 dilapsi
1175 534 1242 556 om-

192 587 263 613 nes,
291 584 501 619 quocumque
527 572 671 616 hospitia
696 576 753 606 aut
784 573 944 607 fortuitus
970 572 1069 606 animi
1098 573 1242 618 impetus

191 626 280 666 tulit,
308 637 367 670 per
391 623 581 669 Campaniae
598 624 708 667 urbes,
732 624 874 658 maxime
904 623 1025 658 Nolam
1054 624 1242 669 Neapolim-

156 680 175 708 6
192 689 266 723 que.
318 677 436 714 Quum
463 676 566 710 ferme
587 676 727 722 triginta
751 679 921 710 senatores
944 687 982 710 ac
1004 675 1091 709 sorte
1117 675 1242 720 primus

192 729 332 774 quisque
365 728 513 772 Capuam
543 728 718 772 petissent,
748 727 874 762 exclusi
901 726 988 769 inde,
1014 726 1102 772 quod
1129 730 1243 771 portas

157 780 174 810 7
192 779 376 815 Hannibali
404 778 612 820 clausissent,
642 779 765 813 Cumas
794 791 828 812 se
856 778 1081 813 contulerunt.
1132 778 1245 812 Nuce-

194 833 250 868 riae
268 832 382 877 praeda
398 831 497 866 militi
514 831 592 866 data
609 835 671 871 est,
691 831 770 866 urbs
788 831 918 875 direpta
936 834 1035 876 atque
1052 831 1196 865 incensa.

160 891 177 919 8
241 884 364 919 Nolam
383 882 566 917 Marcellus
584 895 650 916 non
665 883 715 917 sui
734 883 838 927 magis
856 882 976 917 fiducia
989 881 1132 926 praesidii
1147 894 1245 927 quam

194 935 369 971 voluntate
386 934 573 980 principum
598 933 762 968 habebat:
790 933 882 978 plebs
907 933 1089 967 timebatur
1111 936 1145 967 et
1168 937 1246 967 ante

194 999 309 1022 omnes
333 987 374 1021 L.
402 986 555 1027 Bantius,
583 998 681 1030 quem
706 985 909 1020 conscientia
938 988 1109 1030 temptatae
1137 984 1246 1019 desec-

194 1039 296 1074 tionis
316 1050 353 1073 ac
371 1041 482 1072 metus
500 1050 519 1071 a
536 1040 678 1082 pra—tore
693 1037 844 1071 Romano
861 1048 949 1071 nune
967 1036 1007 1070 ad
1025 1036 1246 1080 proditionem

195 1090 322 1137 patriae,
341 1101 441 1131 nunc,
467 1089 495 1123 si
520 1088 561 1123 ad
586 1088 620 1122 id
645 1088 782 1122 fortuna
802 1087 973 1129 defuisset,
1000 1087 1041 1121 ad
1065 1087 1247 1132 transfugi-

162 1149 180 1178 9
196 1142 317 1178 endum
345 1141 549 1176 stimulabat.
600 1140 683 1174 Erat
706 1139 838 1185 juvenis
863 1151 938 1174 acer
963 1142 997 1173 et
1022 1139 1185 1173 sociorum
1209 1151 1248 1173 ea

143 1201 180 1230 10
196 1196 398 1238 tempestate
417 1204 519 1238 prope
542 1190 766 1225 nobilissimus
788 1203 899 1236 eques,
949 1190 1153 1225 Semineeem
1171 1203 1246 1225 eum

196 1245 238 1280 ad
256 1245 388 1279 Cannas
414 1244 448 1278 in
471 1254 588 1278 acervo
611 1254 771 1276 caesorum
791 1254 967 1286 corporum
992 1241 1165 1276 inventum
1190 1254 1247 1276 cu-

197 1300 376 1342 ratumque
401 1295 546 1340 benigne
573 1293 673 1328 etiam
694 1306 769 1328 cum
795 1293 889 1327 donis
913 1293 1084 1327 Hannibal
1113 1293 1247 1327 domum

146 1355 181 1384 11
198 1348 381 1383 remiserat.
431 1346 484 1381 Ob
510 1345 581 1390 ejus
607 1345 747 1391 gratiam
781 1345 892 1379 meriti
920 1357 989 1379 rem
1019 1344 1183 1379 Nolanam
1213 1345 1247 1379 in

194 1402 251 1445 jus
276 1399 503 1443 ditionemque
526 1396 604 1431 dare
627 1396 776 1431 voluerat
802 1396 915 1438 Poeno,
944 1396 1144 1442 anxiumque
1171 1409 1247 1431 eum

145 1459 183 1488 12
200 1454 234 1486 et
252 1451 430 1485 sollicitum
449 1461 530 1483 eura
546 1447 689 1482 novandi
714 1460 765 1482 res
784 1451 906 1493 praetor
923 1448 1089 1483 eei-nebat.
1140 1447 1248 1483 Caete-

199 1515 272 1538 rum
305 1514 407 1548 quum
441 1504 498 1535 aut
529 1512 625 1545 poena
653 1499 858 1534 cohibendus
887 1504 974 1534 esset
1001 1503 1060 1534 aut
1088 1499 1247 1534 beneficio

200 1553 435 1596 conciliandus,
454 1552 517 1587 sibi
535 1551 759 1596 adsumpsisse
781 1564 878 1596 quam
897 1551 986 1586 hosti
1004 1551 1165 1586 ademisse
1182 1550 1248 1585 foi·-

200 1608 269 1640 tem
292 1617 329 1640 ac
355 1608 528 1639 strenuum
547 1603 664 1638 maluit
682 1603 816 1644 socium,
842 1603 1051 1648 accitumque
1069 1602 1109 1637 ad
1134 1614 1170 1637 se
1191 1602 1248 1637 be-

199 1657 301 1702 nigne
331 1655 495 1701 appellat:
530 1655 653 1689 multos
686 1667 763 1689 cum
790 1654 919 1688 invidos
952 1654 1040 1688 inter
1072 1653 1248 1699 populares

201 1707 322 1744 habere
354 1707 430 1742 inde
464 1707 657 1741 existimatu
686 1706 781 1740 facile
810 1717 892 1747 esse,
924 1705 1014 1750 quod
1042 1717 1139 1739 nemo
1168 1705 1249 1739 civis

199 1760 351 1796 Nolanus
390 1759 454 1794 sibi
491 1757 697 1800 iudicaverit,
732 1769 833 1802 quam
870 1757 977 1792 multa
1008 1756 1082 1802 ejus
1115 1756 1249 1802 egregia
