1298 1921
383 41 477 72 LIB.
500 39 635 71 XXIII.
659 41 711 76 44,
729 41 780 70 45.
1056 40 1114 70 193

70 87 103 111 A.
118 86 145 111 c.
160 83 233 117 215.]

70 119 139 154 acie
167 119 285 153 efferre
310 115 424 162 jussit,
449 126 563 161 pugna
586 113 762 157 abstinere,
786 112 822 148 ni
847 112 887 148 ab
917 125 952 148 se
982 113 1115 159 signum

71 170 286 215 accepissent.
335 167 494 202 Proelium
511 168 583 201 erat
601 177 742 210 anceps:
769 177 898 200 summa
915 165 948 200 vi
965 168 998 200 et
1016 164 1116 199 duces
1129 163 1213 206 (45)

71 220 291 257 hortabantur
323 222 357 254 et
390 218 512 253 milites
544 216 749 263 pugnabant.
807 216 987 251 Marcellus
1019 216 1150 252 vietis2

72 275 149 307 ante
172 271 259 306 diem
282 270 431 312 tertium,
455 268 581 315 fugatis
605 271 682 303 ante
705 280 829 313 paucos
855 267 925 302 dies
949 279 968 302 a
993 267 1117 311 Cumis,

72 323 176 369 pulsis
204 322 314 368 priore
339 332 425 356 anno
454 320 494 355 ab
521 319 610 355 Nola
637 316 679 355 ab
705 318 820 354 eodem
844 331 880 353 se
905 318 989 354 duce
1014 318 1119 353 milite

72 374 146 418 alio,
163 373 289 409 instare
301 371 410 418 jubet.
461 372 538 406 Non
555 383 669 405 omnes
687 383 760 406 esse
777 372 812 405 in
834 370 914 411 acie,
932 369 1119 416 praedantes
1135 376 1153 404 3

72 425 186 471 vagari
212 425 247 459 in
273 436 375 470 agro:
409 422 467 458 sed
494 422 551 468 qui
584 425 746 468 pugnent,
775 433 922 457 marcere
951 421 1122 467 Campana

72 477 215 518 luxuria,
239 476 316 511 vino
339 479 374 510 et
399 475 519 510 scortis
542 473 762 519 omnibusque
787 473 903 508 lustris
928 485 988 519 per
1013 476 1119 507 totam

72 527 215 563 hiemem
237 527 419 562 confectos,
466 525 587 560 Abisse
615 524 704 559 illam
731 525 798 559 vim
820 526 1045 570 vigoremque,
1068 523 1120 558 de·
1135 529 1155 558 4·

72 579 166 625 lapsa
189 591 263 614 esse
287 577 406 613 robora
429 588 605 622 corporum
628 576 887 622 animorumque,
914 575 1033 621 quibus
1057 575 1123 621 Py-

73 630 175 666 renaei
199 629 402 675 Alpiumque
424 630 582 673 superata.
606 627 674 662 sint
686 629 791 672 juga:
818 627 974 673 reliquias
991 627 1122 662 illorum

73 682 221 716 virorum
253 681 310 715 vix
342 691 433 714 arma
465 679 678 724 membraque
711 679 916 713 sustinentes
949 690 1120 724 pugnare:

76 733 223 779 Capuam
248 730 432 767 Hannibali
459 730 591 765 Cannas
620 730 744 765 fuisse:
774 729 821 765 ibi
846 731 1007 765 virtutem
1033 729 1122 765 belli-

74 796 156 826 cam,
186 782 234 818 ibi
257 782 432 817 militarem
460 781 677 827 disciplinam,
703 781 750 817 ibi
774 781 937 828 praeteriti
961 781 1123 826 temporis

72 835 205 878 famam,
233 834 281 869 ibi
308 846 401 879 spem
428 833 535 868 futuri
561 833 774 868 exstinctam.
824 833 940 871 Quum
970 833 1040 868 haec
1068 836 1156 867 ex-5

74 885 263 932 probrando
295 885 386 920 hosti
423 884 607 920 Marcellus
641 897 777 919 suorum
814 884 958 919 militum
998 884 1124 919 animos

75 938 230 983 erigeret,
257 936 429 972 Hannibal
456 936 562 970 multo
587 935 795 982 gravioribus
820 936 950 982 probris
975 935 1124 981 inorepa-

74 988 143 1024 bat.
177 989 282 1023 Arma
298 988 460 1034 signaque
477 987 591 1022 eadem
609 999 644 1022 se
660 999 808 1031 noscere,
822 1000 895 1033 quae
913 987 953 1021 ad
970 987 1123 1022 Trebiam
1138 994 1156 1024 6

75 1040 418 1084 Trasumennumque,
446 1041 615 1084 postremo
641 1038 682 1074 ad
705 1039 836 1073 Cannas
859 1038 979 1073 viderit
1002 1038 1126 1073 habue-

75 1091 207 1136 ritque:
233 1090 373 1125 militem
397 1090 497 1125 alium
520 1089 672 1135 profecto
698 1102 733 1125 se
756 1090 791 1125 in
813 1089 952 1125 hiberna
976 1089 1126 1135 Capuam

76 1142 222 1184 duxisse,
242 1141 342 1176 alium
365 1141 443 1176 inde
463 1141 637 1177 eduxisse:
666 1141 912 1188 “Legatumne
937 1142 1127 1176 Romanum

76 1197 111 1229 et
135 1193 276 1239 legionis
299 1193 398 1228 unius
422 1195 523 1239 atque
548 1193 606 1228 alae
628 1205 749 1239 magno
772 1193 952 1228 certamine
970 1192 1028 1227 vix
1045 1192 1128 1227 tole-

77 1245 160 1280 ratis
190 1256 347 1290 pugnam,
372 1256 455 1289 quos
484 1244 570 1279 binae
603 1245 690 1280 acies
724 1244 914 1280 consulares
946 1257 1135 1290 numquam.

78 1296 338 1332 sustinuerunt?
364 1296 545 1331 Marcellus
571 1296 680 1331 tirone
702 1296 809 1331 milite
833 1308 870 1331 ac
893 1296 1034 1331 Nolanis
1052 1295 1128 1331 sub-

79 1347 173 1382 sidiis
200 1347 328 1382 inultus
357 1359 418 1382 nos
441 1350 514 1393 jam
537 1347 659 1382 iterum
684 1347 844 1382 lacessit?
874 1347 932 1382 ubi
956 1347 1011 1382 ille
1035 1347 1129 1382 miles

78 1411 173 1434 meus
191 1401 253 1441 est,
271 1398 328 1444 quj
346 1401 462 1444 erepto
480 1411 523 1433 ex
540 1411 626 1444 equo
644 1399 683 1434 G.
703 1399 866 1434 Flaminio
885 1398 1013 1433 consuli
1030 1401 1131 1444 caput

79 1450 245 1485 abstulit?
286 1449 354 1492 ubi,
389 1450 446 1495 qui
482 1450 525 1486 L.
551 1450 695 1485 Paulum
731 1450 772 1485 ad
811 1451 943 1485 Cannas
981 1450 1130 1485 occidit?

79 1502 206 1537 serrum
230 1513 319 1536 nunc
343 1501 444 1537 hebet
468 1514 512 1537 an
537 1501 664 1537 dextrae
688 1503 855 1548 torpent?
881 1514 924 1537 an
952 1502 1032 1548 quid
1057 1514 1132 1547 pro-

80 1553 164 1598 digii
192 1556 244 1587 est
273 1553 389 1589 aliud?
415 1554 473 1599 qui
500 1554 595 1599 pauci
624 1554 736 1599 plures
763 1554 897 1589 vincere
923 1553 1014 1588 soliti
1040 1554 1131 1595 estis,

79 1616 170 1640 nunc
193 1604 308 1649 paucis
333 1604 445 1650 plures
470 1605 526 1640 vix
550 1605 712 1640 restatis?
748 1607 889 1640 Romam
917 1616 977 1640 vos
1006 1617 1134 1651 expug-

79 1659 231 1699 naturos,
251 1656 279 1691 si
296 1657 371 1702 quis
397 1656 544 1700 duceret,
561 1657 666 1692 sortes
688 1657 804 1704 lingua
816 1657 1018 1703 jactabatis:
1045 1657 1134 1692 enim

81 1708 189 1743 minor
221 1719 274 1742 res
308 1714 378 1743 est:
417 1708 471 1744 hic
504 1709 649 1754 experiri
680 1709 747 1743 vim
779 1709 1008 1754 virtutemque
1037 1708 1133 1743 volo:

81 1763 275 1804 expugnate
299 1759 421 1795 Nolam
444 1763 666 1806 campestrem
684 1762 812 1802 urbem,
831 1773 896 1795 non
915 1760 1051 1795 flumine
1068 1771 1136 1794 non

130 1825 186 1843 mv.
201 1825 276 1843 uisu&
292 1825 327 1843 11.
598 1825 617 1847 0
