1298 1921
377 65 468 97 LIB.
492 65 630 96 XXIII.
661 65 801 98 27—29.
1053 65 1109 96 171

58 107 96 132 A.
113 107 142 132 c.
160 106 232 137 216.]

56 140 200 184 trajecit,
230 139 348 174 castris
380 140 595 176 communitis
628 138 837 185 navibusque
869 137 1044 174 subductis
1077 141 1113 173 ct

55 190 141 226 vallo
158 190 382 233 circumdatis,
401 204 478 227 cum
495 191 665 238 equitibus
691 190 829 225 delectis
847 189 929 234 ipse,
947 191 1112 235 quantum

55 241 197 277 maxime
220 241 407 278 adcelerare
429 246 573 288 poterat,
593 255 653 288 per
678 241 798 277 dubios
822 241 1032 286 infestosque
1054 253 1111 285 po-

55 294 151 338 pulos
165 293 264 339 juxta
280 293 431 329 intentus
449 294 491 329 ad
508 293 757 329 Hasdrubalem
781 292 944 338 pervenit.
995 292 1140 330 Quu1n2

55 343 191 380 decreta
216 348 353 380 senatus
382 345 605 391 mandataque
633 344 854 390 exposuisset,
883 346 985 390 atque
1013 343 1112 378 edoc-

54 398 111 430 tus
134 403 224 431 esset
246 396 318 441 ipse
343 396 378 431 in
403 397 519 439 vicem,
547 409 645 443 quem
670 395 712 430 ad
736 395 872 430 modum
897 394 1112 430 tractandum

54 446 178 482 bellum
194 447 230 482 in
246 448 413 493 Hispania
429 448 527 490 foret,
546 451 637 483 retro
653 448 689 482 in
706 459 767 482 sua
785 451 894 482 castra
916 446 1003 481 redit
1020 446 1112 481 nulla

54 510 90 533 re
117 511 217 544 quam
243 499 414 534 celeritate
441 500 557 541 tutior,
586 498 675 545 quod
704 498 851 544 undique
878 497 1005 533 abierat
1033 505 1111 532 ante

55 562 153 595 quam
172 550 410 585 consentirent.
458 549 654 586 Hasdrubal
667 549 860 595 priusquam
878 550 1027 584 moveret
1041 560 1111 583 cas-
1122 552 1141 581 3

53 603 117 644 tra,
142 601 300 647 pecunias
332 601 476 646 imperat
509 601 643 647 populis
676 601 831 636 omnibus
856 613 926 636 suae
960 599 1108 642 ditionis,

55 653 137 687 satis
154 665 279 698 gnarus
296 653 522 688 Hannibalem
538 652 703 688 transitus
717 652 878 697 quosdam
895 651 1007 697 pretio
1025 664 1111 686 mer-

54 707 167 738 catum
184 716 245 739 nec
262 704 385 739 auxilia
399 704 525 739 Gallica
537 704 634 739 aliter
648 715 744 750 quam
764 703 930 739 conducta
942 703 1109 744 habuisse,

53 755 189 800 inopem
216 758 350 790 tantum
378 756 444 791 iter
475 756 665 802 ingressum
693 756 750 791 vix
781 758 1037 801 penetraturum
1070 754 1113 789 ad

54 806 159 852 Alpes
184 806 312 842 fuisse:
338 807 489 853 pecuniis
512 807 618 854 igitur
640 807 763 853 raptim
787 806 915 842 exactis
938 806 980 841 ad
1005 805 1113 841 Hibe-

54 871 129 893 rum
147 857 331 894 descendit.

101 909 249 945 Decreta
265 909 596 956 Carthaginiensium
614 912 648 945 et
668 908 893 945 Hasdrubalis
911 909 976 944 iter
996 908 1055 944 ubi
1072 908 1113 943 ad
1124 914 1144 943 4

54 960 228 996 Romanos
257 964 338 997 sunt
366 961 504 1007 perlata,
535 961 689 997 omnibus
716 961 849 996 omissis
882 960 982 995 rebus
1016 960 1114 996 ambo

55 1011 156 1047 duces
178 1012 306 1058 junctis
329 1013 433 1057 copiis
456 1013 505 1048 ire
528 1013 661 1048 obviam
685 1012 806 1058 coeptis
832 1014 933 1058 atque
950 1012 1115 1047 obsistere

55 1066 186 1109 parant,
211 1064 287 1106 rati,
314 1065 343 1099 si
368 1064 560 1106 Hannibali,
586 1065 646 1100 vix
679 1076 740 1110 per
775 1076 810 1099 se
843 1064 908 1110 ipsi
941 1063 1115 1098 tolerando

55 1114 166 1150 Italiae
183 1114 282 1157 hosti,
301 1115 497 1151 Hasdrubal
513 1116 584 1150 dux
608 1119 709 1162 atque
726 1115 964 1162 Hispaniensis
987 1116 1114 1151 exerci-

55 1170 112 1201 tus
139 1170 227 1201 esset
253 1167 404 1212 junctus,
434 1167 529 1202 illum
555 1168 655 1202 finem
688 1167 835 1202 Romani
867 1167 1000 1213 imperii
1032 1167 1114 1202 fore.

56 1217 123 1252 His
141 1218 231 1253 anxii
248 1218 337 1253 curis
351 1218 392 1253 ad
410 1219 579 1254 Hiberum
595 1219 801 1255 contrahunt
819 1219 943 1264 copias,
959 1222 993 1254 et
1006 1222 1116 1254 trans·
1127 1228 1144 1257 5

55 1269 105 1304 ito
122 1281 218 1304 amne
245 1282 350 1315 quum
375 1270 433 1305 diu
455 1270 715 1313 consultassent,
733 1273 850 1306 utrum
867 1274 977 1306 castra
998 1271 1116 1305 castris

56 1320 248 1356 conferrent
262 1333 305 1356 an
321 1322 404 1357 satis
421 1321 584 1357 haberent
598 1322 696 1358 sociis
715 1322 1043 1368 Carthaginiensium
1058 1334 1117 1368 op-

55 1372 247 1417 pugnandis
265 1373 387 1408 morari
405 1373 446 1408 ab
468 1373 589 1409 itinere
606 1374 780 1419 proposito
804 1374 944 1415 hostem,
962 1374 1081 1408 urbem
1098 1386 1118 1408 a

56 1424 245 1469 propinquo
261 1424 399 1459 flumine
417 1424 579 1460 Hiberam
598 1425 810 1470 appellatam,
829 1425 1116 1470 opulentissimam

56 1487 96 1510 ea
119 1477 324 1520 tempestate
343 1476 489 1522 regionis
513 1478 597 1521 ejus,
614 1489 812 1523 oppugnare
831 1479 964 1522 parant.
1014 1476 1146 1514 Quodn·

56 1526 115 1561 ubi
132 1527 238 1562 sensit
261 1527 466 1571 Hasdrubal,
483 1540 544 1574 pro
566 1541 628 1574 ope
651 1529 788 1563 ferenda
810 1529 909 1564 sociis
933 1530 1044 1575 pergit
1067 1529 1116 1563 ire

57 1578 129 1624 ipse
146 1578 188 1613 ad
205 1578 322 1614 urbem
346 1578 494 1614 deditam
510 1592 618 1625 nuper
635 1580 669 1615 in
693 1579 792 1615 fidem
809 1581 1039 1615 Romanorum
1056 1593 1115 1626 op-

57 1629 291 1675 pugnandam:
317 1630 366 1665 ita
377 1633 449 1675 jam
475 1635 584 1676 coepta
600 1631 729 1666 obsidio
752 1632 874 1666 omissa
890 1631 931 1667 ab
951 1632 1114 1666 Romanis

59 1686 111 1715 est
128 1684 162 1716 et
179 1681 213 1716 in
230 1682 339 1727 ipsum
358 1681 605 1717 Hasdrubalem
623 1695 756 1717 versum
769 1683 903 1718 bellum.
954 1683 1211 1727 Qui11<1ue(29>

58 1731 198 1767 millium
215 1732 390 1768 intervallo
413 1736 524 1768 castra
548 1733 709 1769 distantia
724 1734 871 1770 habuere
895 1747 1017 1780 paucos
1044 1734 1113 1769 dies

58 1794 120 1818 nec
137 1784 208 1819 sine
230 1784 360 1821 levibus
377 1784 503 1831 proeliis
523 1797 585 1821 nee
602 1789 641 1821 ut
658 1786 693 1821 in
710 1787 814 1822 aciem
837 1787 978 1822 exirent.
1028 1787 1116 1822 Tan-
