1272 1921
135 42 156 72 4
389 42 425 72 T.
445 42 565 72 LIVII
591 41 925 74 HISTORIARUM
1021 79 1056 110 [A
1081 81 1101 105 C
1123 81 1167 108 29¹

136 109 239 145 ratori
256 123 299 145 an
315 111 476 146 exercitui
493 113 599 147 carior
615 115 719 148 esset:
745 126 853 159 neque
870 114 1064 149 Hasdrubal
1081 118 1183 150 aliurn

135 174 333 207 quemquam
352 163 518 207 praesseere
542 164 636 198 malle
661 164 718 198 ubi
737 165 815 209 quid
832 165 966 199 sortiter
990 178 1028 200 ac
1045 170 1182 201 strenue

135 213 301 257 agendum
325 217 423 256 esset,
445 227 553 260 neque
576 215 697 250 milites
723 215 786 249 alio
812 215 895 250 duee
921 216 994 261 plus
1018 217 1183 252 confidere

102 271 122 299 4
135 268 193 298 aut
211 264 342 299 audere.
384 265 569 300 Plurimum
587 266 731 301 audaeiae
749 266 789 300 ad
807 266 953 311 pericula
970 268 1182 312 capessenda,

102 315 314 360 5plurimum
339 317 467 351 consilii
492 317 579 351 iuter
603 317 677 362 ipsa
701 318 848 362 pericula
873 323 954 352 erat.
1004 319 1108 353 Nullo
1138 319 1182 353 la-

134 366 212 401 bore
245 370 303 402 aut
336 379 457 412 corpus
491 368 624 413 fatigari
657 370 719 403 aut
748 369 877 403 animus
910 369 997 403 zinci
1029 374 1181 414 poterat:

133 417 251 452 caloris
276 430 313 453 ac
337 419 471 464 frigoris
498 419 660 463 patientia
685 432 767 464 par:
795 419 860 454 eibi
885 420 1098 466 potionisque
1127 421 1183 455 de-

99 473 119 503 6
133 470 255 505 siderio
279 471 423 505 naturali
446 483 512 505 non
537 471 709 506 voluntate
731 472 849 506 modus
871 472 995 507 finitus.
1045 473 1183 518 Vigilia-

132 533 206 555 rum
224 522 396 568 somnique
413 535 474 557 nee
491 522 544 557 die
561 535 622 557 nec
639 525 736 558 nocte
762 523 989 557 discriminata
1008 526 1180 568 tempora:

130 572 165 607 id
191 573 279 618 quod
304 573 458 618 gerendis
488 573 586 608 rebus
616 577 818 619 superesset,
846 574 951 619 quieti
978 573 1113 609 datum:
1144 587 1183 609 ea

131 635 240 669 neque
257 624 347 659 molli
366 628 473 659 strato
494 637 602 670 neque
620 625 753 659 silentio
771 625 951 659 accersita:
978 625 1076 659 multi
1094 638 1182 670 stupe

130 675 267 710 militari
284 676 400 722 sagulo
423 680 577 721 opertum
600 677 692 711 humi
705 679 875 722 jacentem
899 676 987 711 inter
1011 677 1181 712 custodias

99 730 117 761 7
130 728 358 772 stationesque
375 727 518 762 militum
541 731 796 774 conspexerunt.
846 728 1001 762 Vestitus
1025 728 1108 762 nihil
1133 729 1182 763 in-

129 781 182 813 ter
206 779 350 824 aequales
376 779 563 814 excellens:
591 792 681 814 arina
706 782 807 825 atque
832 779 909 824 equi
934 779 1182 824 conspicieban-

99 832 197 865 stur.
247 831 409 875 Equitum
438 830 655 876 peditumque
688 830 775 865 idem
808 830 906 875 longe
936 830 1061 875 primus
1087 834 1178 866 erat:

129 882 283 927 princeps
300 882 334 916 in
351 881 504 927 proelium
522 882 601 924 ibat,
620 882 758 916 ultimus
780 885 934 916 conserto
951 882 1065 927 proelio
1083 894 1181 917 exee-

97 939 115 968 9
131 933 240 968 debat.
292 933 365 967 Has
389 935 501 968 tantas
530 933 593 968 viri
620 934 763 967 virtutes
793 933 944 976 ingentia
968 933 1050 967 vitia
1074 945 1180 978 aequa-

129 983 220 1027 bant,
243 983 424 1018 inhumana
444 984 634 1026 crudelitas,
658 983 797 1030 perfidia
819 983 893 1028 plus
917 996 1015 1028 quam
1042 985 1178 1025 Punica,

128 1035 210 1070 nihil
227 1035 297 1070 veri
321 1035 403 1069 nihil
426 1036 543 1076 sancti,
562 1036 673 1070 nullus
697 1035 795 1069 desim
819 1038 939 1076 metim,
966 1034 1093 1069 nullum
1107 1037 1180 1080 jus-

77 1091 116 1120 10
123 1086 316 1131 jurandum,
347 1086 439 1121 nulla
470 1087 596 1132 religio.
659 1087 744 1121 Cum
778 1086 840 1120 hac
873 1085 982 1120 indole
1015 1086 1178 1120 virtutum

125 1141 227 1183 atque
245 1137 400 1172 vitiorum
420 1138 564 1172 triennio
582 1137 644 1173 sub
662 1136 877 1172 Hasdrubale
895 1137 1095 1182 imperatore
1111 1149 1179 1172 me-

125 1190 204 1229 ruit,
220 1188 311 1223 nulla
324 1201 369 1230 re,
386 1201 458 1234 quae
470 1189 598 1235 agenda
614 1188 822 1234 videndaque
839 1200 959 1234 magno
974 1188 1088 1223 futuro
1103 1187 1179 1223 duci

127 1243 227 1280 esset,
245 1240 479 1284 praetermissa.

60 1290 116 1331 (5)
175 1292 339 1326 Caeterum
362 1304 405 1326 ex
431 1304 496 1337 quo
518 1291 570 1326 die
593 1291 662 1326 dux
679 1293 730 1326 est
754 1290 951 1332 declaratus,
970 1289 1062 1325 velut
1079 1290 1180 1324 Italia

125 1342 156 1377 ei
185 1342 355 1388 provincia
381 1342 515 1377 decreta
541 1342 729 1388 bellumque
763 1343 952 1376 Romanum
984 1341 1177 1376 mandatum

123 1396 223 1435 esset,
243 1393 326 1428 nihil
344 1394 575 1439 prolatandum
593 1398 697 1437 ratus,
720 1406 761 1428 ne
780 1406 814 1428 se
833 1405 974 1439 quoque,
991 1396 1030 1427 ut
1050 1396 1178 1438 patrem

123 1444 350 1480 Hamilcarem
389 1445 506 1480 deinde
539 1445 797 1487 Hasdrubalem,
830 1447 1046 1479 cunctantem
1080 1455 1177 1478 casus

123 1495 242 1541 aliquis
268 1496 479 1542 opprimeret⁷
507 1496 701 1542 Saguntinis
735 1496 857 1530 inferre
890 1495 1014 1530 bellum
1045 1495 1176 1529 statuit.

91 1546 257 1584 2Quibus
287 1548 521 1593 oppugnandis
551 1548 629 1593 quia
660 1547 748 1582 haud
779 1547 878 1582 dubie
907 1547 1060 1581 Romana
1087 1558 1178 1580 arma

122 1598 351 1640 movebantur,
370 1599 403 1633 in
421 1599 581 1634 Olcadum
599 1599 691 1644 prius
716 1598 935 1633 fines—ultra
954 1597 1119 1632 Hiberum
1138 1609 1177 1631 ea

120 1661 203 1694 gens
227 1650 261 1683 in
283 1653 376 1694 parte
401 1650 506 1694 magis
531 1662 628 1695 quam
649 1650 683 1684 in
706 1650 831 1684 ditione
850 1648 1175 1693 Carthaginiensium

122 1701 373 1735 erat—induxit
407 1701 601 1742 exercitum,
635 1705 673 1735 ut
706 1713 772 1735 non
805 1701 931 1745 petisse
971 1699 1175 1744 Saguntinos

119 1750 179 1786 sed
197 1763 308 1786 rerum
326 1752 410 1787 serie
428 1752 576 1786 finitimis
595 1752 729 1786 domitis
755 1751 913 1797 gentibus
935 1749 1174 1797 jungendoque

1262 1224 1272 1536 l

1264 1537 1272 1697 ³

1267 1800 1272 1813 ἰ
