1298 1921
135 37 175 66 20
382 36 418 65 T.
442 35 560 66 LIVII
586 36 918 67 HISTORIARUM
1018 80 1051 110 [A
1078 81 1096 104 C
1121 80 1168 104 ⁰18

135 111 169 144 in
194 122 228 144 se
253 109 409 144 meritum
430 122 503 145 esse
527 122 634 156 neque
659 111 984 157 Carthaginiensium
1015 113 1179 158 injuriam,

135 161 177 196 ob
196 174 269 207 quae
293 169 350 195 aut
368 173 427 206 pro
450 161 611 196 Romanis
636 166 694 196 aut
717 162 875 197 adversus
900 163 1022 197 Poenos
1048 167 1179 198 sumant

136 224 247 246 arma:
274 215 391 246 contra
413 224 452 246 ea
477 212 590 247 audire
608 226 689 253 sese,
710 214 820 256 gentis
842 226 910 247 sure
935 214 1082 248 homines
1100 226 1179 259 agro

136 263 322 308 finibusque
340 263 447 297 Italiae
464 263 541 308 pelli
559 276 577 297 a
594 264 718 308 populo
737 265 888 299 Romano
912 264 1180 310 stipendiumque

105 313 280 358 4pendere
307 317 340 348 et
363 317 483 348 caetera
506 314 641 359 indigna
661 315 741 360 pati.
790 315 916 349 Eadem
940 316 1042 350 ferme
1065 316 1098 349 in
1121 328 1180 350 cae-

136 365 217 399 teris
251 364 365 399 Galliae
398 365 544 399 conciliis
579 365 668 399 dieta
702 366 890 411 auditaque,
923 378 983 401 nec
1015 367 1179 411 hospitale

137 417 314 461 quicquam
339 419 535 460 pacatumve
558 416 638 450 satis
660 417 752 461 prius
776 417 926 451 auditum
945 430 1042 462 quam
1060 418 1179 452 Massi-

106 470 123 498 5
136 466 210 500 liam
228 478 357 501 venere.
407 466 460 500 Ibi
478 467 587 500 onmia
604 466 644 501 ab
663 467 759 502 sociis
777 467 937 513 inquisita
953 480 1027 502 cum
1045 481 1125 503 cura
1141 481 1179 503 ac

134 518 197 552 fide
215 518 358 563 cognita,
382 524 632 562 praeoccupatos
645 520 714 562 jam
734 522 810 553 ante
833 519 873 553 ab
896 519 1084 553 Hannibale
1103 519 1179 553 Gal-

133 568 240 603 lorum
258 569 384 603 animos
401 581 474 602 esse
489 584 495 602 z
523 568 581 603 sed
599 581 648 604 nae
666 569 711 603 illi
730 569 862 614 quidem
884 570 947 614 ipsi
964 570 1044 604 satis
1062 571 1178 604 mitem

133 624 268 665 gentem
301 620 433 654 fore—
451 619 532 654 adeo
564 620 687 655 ferocia
719 624 818 666 atque
851 620 1013 655 indomita
1044 621 1178 665 ingenia

134 684 206 705 esse
223 691 278 712 —‚
296 671 331 704 ni
363 670 502 705 subinde
535 683 626 713 auro,
651 673 747 715 cujus
780 671 968 705 avidissima
1000 683 1082 716 gens
1115 678 1176 712 est,

105 726 123 756 6
136 722 320 766 principum
338 721 436 755 animi
450 721 677 756 concilientur.
727 722 783 756 Ita
799 722 983 767 peragratis
1006 722 1178 765 Hispani-<e

134 776 167 807 et
186 773 299 807 Galliae
317 772 448 818 populis
465 772 567 818 legati
584 773 724 807 Romam
747 773 887 808 redeunt
904 773 991 807 haud
1009 774 1055 807 ita
1072 774 1177 808 multo

105 829 210 869 7post
229 836 327 870 quam
345 823 495 858 consules
514 824 547 857 in
564 824 748 869 provincias
770 824 911 869 profecti
934 827 1038 858 eraut.
1089 825 1177 859 Civi—

133 879 237 910 tatem
262 887 393 909 omnem
416 874 451 908 in
475 875 757 920 exspectationem
783 875 859 909 belli
881 879 1023 910 erectam
1044 875 1178 910 invene-

133 929 222 969 runt,
241 926 321 960 satis
346 928 520 961 constante
542 926 630 960 fama
647 928 717 970 jam
740 925 905 961 Hiberum
929 926 1048 961 Poenos
1071 931 1176 961 trans-

134 977 274 1012 misisse.

46 1024 122 1067 (21)
180 1027 351 1063 Hannibal
373 1028 523 1071 Sagunto
546 1030 643 1072 capto
666 1027 902 1072 Carthaginem
927 1040 1046 1062 novam
1070 1027 1105 1062 in
1129 1028 1176 1062 hi-

134 1079 236 1114 berna
260 1082 478 1120 concesserat,
505 1078 616 1124 ibique
642 1078 774 1119 auditis,
800 1091 873 1124 quae
898 1079 1015 1113 Romae
1036 1091 1176 1124 quaeque

135 1131 336 1175 Carthagine
361 1133 436 1164 acta
460 1129 658 1174 decretaque
683 1130 802 1172 forent,
828 1142 929 1175 seque
961 1141 1027 1164 non
1060 1130 1175 1165 ducem

134 1182 241 1216 solum
270 1181 328 1216 sed
357 1181 457 1215 etiam
487 1193 618 1215 causam
648 1192 720 1215 esse
748 1180 837 1219 belh,
866 1181 999 1225 partitis
1028 1180 1176 1215 divendi-

134 1234 244 1278 tisque
272 1232 419 1278 reliquiis
448 1232 567 1276 praedae
596 1231 677 1265 nihil
705 1231 794 1266 ultra
826 1231 1042 1266 differendum
1070 1236 1173 1273 ratus,

134 1284 280 1330 Hispani
306 1283 436 1329 generis
463 1283 585 1317 milites
612 1286 793 1317 convocat:
826 1282 965 1317 “Credo
994 1295 1056 1328 ego
1084 1284 1175 1324 VOS,’'

133 1335 252 1381 inquit,
278 1335 399 1376 “socii,
421 1336 455 1369 et
477 1334 568 1379 ipsos
592 1346 736 1375 cernere,
763 1334 890 1379 pacatis
915 1334 1069 1368 omnibus
1094 1334 1176 1368 His-

132 1387 237 1433 paniae
255 1386 386 1431 populis
401 1388 458 1420 aut
477 1384 651 1420 finiendam
668 1384 761 1420 nobis
779 1385 929 1419 militiam
943 1385 1175 1430 exercitusque

134 1437 348 1472 dimittendos
367 1449 437 1471 esse
456 1439 512 1470 aut
530 1436 563 1470 in
587 1436 665 1470 alias
689 1439 794 1470 terras
815 1436 1082 1470 transferendum
1108 1435 1175 1470 bel-

132 1489 222 1524 lum:
250 1489 297 1523 ita
323 1489 409 1523 enim
438 1488 488 1522 hae
513 1490 630 1532 gentes
654 1499 721 1521 non
745 1487 836 1531 pacis
858 1487 965 1521 solum
991 1487 1049 1521 sed
1075 1488 1174 1521 etiam

132 1540 280 1575 victoriae
296 1539 391 1574 bonis
409 1538 585 1579 florebunt,
605 1539 633 1572 si
649 1550 692 1572 ex
710 1538 781 1572 aliis
806 1537 962 1583 gentibus
980 1538 1122 1583 praedam
1140 1541 1174 1572 et

104 1591 270 1637 leoiiam
300 1602 493 1635 quaeremus.
542 1590 662 1634 Itaque
691 1601 792 1634 quum
821 1589 1003 1634 longinqua
1030 1601 1049 1623 a
1077 1588 1174 1623 domo

132 1643 236 1677 instet
254 1641 371 1675 militia
387 1641 616 1685 incertumque
642 1640 685 1674 sit
709 1639 840 1685 quando
862 1639 975 1673 domos
996 1642 1121 1673 vestras
1139 1643 1173 1673 et

133 1705 206 1738 quae
231 1693 350 1737 cuique
372 1692 417 1726 ibi
437 1703 513 1725 cara
535 1694 614 1725 sunt
638 1691 740 1724 visuri
763 1691 844 1733 sitis,
868 1690 896 1724 si
925 1690 998 1735 quis
1024 1695 1173 1724 vestrum

102 1750 210 1779 3suos
233 1744 374 1778 invisere
394 1743 477 1784 vult,
502 1745 722 1777 commeatum
740 1741 792 1776 do.
841 1741 953 1776 Primo
978 1753 1055 1776 vere
1077 1740 1172 1776 edico
