1298 1921
165 59 207 88 94
414 57 450 89 T.
476 57 594 88 LIVII
621 58 954 89 HISTORIARUM
1060 101 1094 131 [A
1122 103 1142 126 c
1166 102 1212 127 ⁰1⁷

165 134 266 177 atque
283 131 426 166 inccnsae
448 131 489 167 ab
507 144 542 167 se
558 133 594 168 in
609 145 708 167 usum
733 132 927 167 horreorum
946 145 1053 178 pauca
1076 134 1218 180 relique-

134 188 217 218 5rat
250 185 349 225 tecta,
380 183 415 217 in
447 183 579 218 stativis
612 186 695 218 erat.
746 184 829 219 Inde
863 184 1103 219 frumentatum
1136 185 1218 220 duas

166 234 335 268 exercitus
358 236 470 280 partes
495 234 662 276 mittebat,
688 247 764 269 euin
787 235 889 269 tertia
911 235 981 281 ipse
1006 236 1162 281 expedita
1185 237 1220 271 in

167 285 312 319 statione
334 288 406 320 erat
424 285 523 320 simul
547 288 667 320 castris
685 285 841 330 praesidio
866 289 900 321 et
925 287 1216 332 circumspectans,

71 339 157 380 (24)
169 335 318 371 necunde
350 336 497 381 impetus
531 337 564 370 in
596 336 856 371 frumentatores
892 338 995 372 fieret.
1045 338 1218 373 Romanus

167 392 248 422 tunc
262 390 431 422 exercitus
444 387 478 422 in
495 399 576 432 agro
589 387 740 422 Larinati
755 393 836 422 erat.
886 389 1033 423 Praeerat
1046 389 1217 424 Minucius

165 439 326 484 magister
354 439 505 484 equitum
530 440 691 483 profecto,
718 440 805 474 sicut
835 443 912 474 ante
937 439 1061 475 dictum
1088 448 1148 483 est,
1176 441 1218 476 ad

133 490 280 525 2urbem
304 490 477 525 dictatore.
530 490 699 525 Caeterum
725 495 843 532 castra,
863 504 935 536 quae
958 491 993 526 in
1014 495 1126 526 monte
1150 492 1217 527 alto

163 553 202 576 ac
221 544 297 576 tuto
320 541 390 576 loco
411 542 522 586 posita
544 542 686 583 fuerant,
704 544 774 587 jain
799 542 833 576 in
856 542 989 587 planum
1010 542 1216 585 deferuntur,

163 592 445 638 agitabanturque
471 604 531 637 pro
552 593 686 638 iugenio
711 593 804 628 ducis
830 593 967 628 consilia
991 594 1157 635 calidiora,
1178 600 1216 630 ut

163 643 310 688 impetus
336 648 394 678 aut
411 644 447 678 in
472 644 731 679 frumentatores
756 644 884 690 palatos
902 648 960 679 aut
983 645 1017 679 in
1035 649 1145 680 eastra
1166 659 1216 680 re-

133 703 151 731 3
163 694 243 729 licta
259 707 333 730 cum
352 695 416 730 levi
433 695 586 740 praesidio
603 696 707 730 fieret.
759 696 831 730 Nec
857 696 1079 731 Hannibalem
1098 698 1216 732 fefellit

163 758 238 781 cum
257 746 340 781 duce
357 749 520 780 mutatam
538 759 611 782 esse
628 746 704 781 belli
725 747 887 782 rationein
905 751 938 782 et
956 748 1098 782 ferocius
1117 761 1215 794 quam

131 798 348 835 4consultius
380 810 450 833 rem
483 798 596 832 hostes
629 803 794 842 gesturos.
854 799 933 844 Ipse
966 801 1214 846 autem—quod

162 849 297 884 minime
320 849 394 894 quis
419 848 719 895 erederet—quum
745 850 848 884 hostis
872 850 1007 895 propius
1030 854 1128 893 esset,
1147 855 1215 886 tcr-

162 901 245 935 tiam
275 905 404 944 partem
433 900 577 935 militum
606 901 848 935 frumentatum
877 901 1005 936 duabus
1034 902 1069 936 in
1095 903 1213 937 castris

163 952 304 986 retentis
329 952 465 994 dimisit,
484 951 560 986 dein
582 956 691 987 castra
712 953 783 997 ipsa
800 953 937 998 propius
963 953 1090 988 hostem
1109 955 1213 989 movit

163 1003 229 1037 duo
247 1003 349 1038 ferme
367 1015 387 1038 a
404 1003 567 1038 Gereonio
591 1003 693 1038 millia
709 1004 743 1038 in
760 1004 926 1038 tumulum
951 1004 1039 1039 hosti
1057 1017 1214 1051 conspec-

162 1057 245 1096 tum,
270 1057 307 1089 ut
328 1055 495 1089 intentum
521 1055 621 1089 sciret
643 1067 716 1090 esse
737 1055 778 1089 ad
800 1055 1069 1099 frumentatores,
1095 1057 1122 1091 si
1148 1070 1213 1102 qua

131 1114 149 1143 5
162 1106 211 1141 vis
230 1106 333 1149 fieret,
351 1105 521 1141 tutandos.
573 1107 713 1151 Propior
735 1106 812 1141 iude.
829 1107 859 1142 ei
882 1110 983 1153 atque
1007 1107 1087 1153 ipsis
1105 1108 1213 1142 innui-

160 1170 242 1192 nens
272 1158 499 1193 Romanorum
526 1158 644 1193 castris
671 1158 820 1193 tumulus
850 1160 1014 1204 apparuit,
1042 1160 1084 1193 ad
1113 1172 1212 1205 quem

158 1209 354 1254 capiendum
373 1209 401 1244 si
425 1209 499 1244 luce
516 1209 624 1254 palam
649 1209 764 1251 iretur,
784 1209 861 1255 quia
878 1210 966 1245 haud
989 1210 1088 1245 dubie
1104 1211 1211 1246 hostis

158 1260 308 1296 breviore
337 1261 390 1295 via
422 1263 654 1306 praeventurus
679 1264 759 1303 erat,
785 1264 883 1296 nocte
909 1262 993 1296 clam
1020 1262 1111 1297 missi
1137 1263 1212 1297 Nu-

130 1312 254 1348 (smidae
272 1317 445 1358 ceperunt.
494 1312 590 1350 Quos
613 1316 766 1348 tenentes
789 1313 897 1348 locum
921 1316 1113 1359 contempta
1130 1327 1212 1359 pau-

158 1365 261 1399 citate
290 1365 433 1399 Romani
461 1367 596 1410 postero
629 1364 682 1399 dic
711 1377 813 1410 quum
843 1364 1052 1410 dejecissent,
1079 1366 1143 1411 ipsi
1171 1378 1210 1400 co

128 1421 146 1454 7
158 1415 366 1450 transferunt
387 1418 506 1450 castra.
556 1415 641 1449 Turn
659 1415 772 1461 itaque
794 1416 953 1462 exiguum
972 1417 1071 1462 spatii
1088 1417 1210 1452 vallum

157 1479 177 1501 a
194 1466 278 1501 vallo
302 1467 416 1501 aberat
434 1469 468 1501 et
493 1465 526 1500 id
543 1466 653 1511 ipsum
676 1470 749 1501 tota
769 1480 872 1512 prope
894 1468 1116 1513 compleverat
1142 1469 1211 1503 Ro-

157 1530 254 1552 mana
281 1518 378 1560 acies,
400 1517 499 1552 simul
523 1520 557 1552 et
583 1530 642 1564 per
667 1530 782 1553 aversa
806 1521 915 1553 castra
940 1519 1109 1564 equitatus
1134 1531 1210 1554 cum

155 1569 221 1604 levi
253 1571 422 1603 armatura
454 1569 595 1603 emissus
628 1569 663 1603 in
695 1569 953 1604 frumentatores
986 1570 1052 1605 late
1086 1570 1210 1605 caedcm

155 1622 338 1667 fugamque
366 1621 511 1655 hostium
543 1621 729 1666 palatorum
760 1622 859 1657 fecit:
894 1634 955 1657 nec
984 1623 1053 1657 acie
1082 1627 1209 1657 certare

156 1672 325 1707 Hannibal
358 1685 469 1714 ausus³
505 1673 582 1718 quia
613 1676 709 1707 tanta
741 1673 911 1719 paucitate
943 1674 998 1708 vix
1031 1677 1150 1716 castra,
1181 1674 1209 1709 si

153 1726 443 1770 oppugnarentur,
461 1724 566 1758 tutari
584 1727 715 1769 poterat
731 1740 738 1759 ι
760 1727 897 1771 Jamque
923 1725 1050 1760 artibus
1068 1725 1210 1760 Fabii—

155 1787 233 1821 pars
251 1775 417 1811 exercitus
435 1774 549 1810 aberat
562 1777 633 1820 jam
655 1776 951 1814 ferme—sedendo
969 1782 1003 1811 et
1020 1776 1207 1812 cunctando
