1298 1921
190 69 249 99 166
450 71 486 103 Τ.
505 71 625 102 LIVII
651 71 985 103 HISTORIARUM
1071 111 1109 143 [A
1132 115 1151 139 C
1175 114 1223 139 216
1268 108 1270 112 ι

153 150 172 179 3
187 144 379 187 praecssent.
428 142 585 178 Dictator
607 144 648 180 de
668 157 704 180 se
730 158 839 190 pauca
861 158 899 181 ac
923 146 1050 181 modice
1074 147 1234 192 loquutus

186 194 221 228 in
253 193 450 239 magistrum
491 195 642 240 equitum
682 196 754 231 Tib.
775 197 1005 242 Sempronium
1048 198 1235 233 Gracchum
1269 191 1271 199 ⁴

186 257 340 290 magnam
357 248 486 290 partem
504 246 617 291 gloriae
635 247 746 290 vertit,
764 248 964 292 comitiaque
982 248 1095 291 edixit,
1115 249 1235 294 quibus

185 295 227 330 L.
246 296 441 331 Postumius
470 297 610 332 tertium
638 298 769 340 absens,
800 299 857 344 qui
889 302 962 333 tum
992 300 1129 334 Galliam
1160 312 1236 345 pro·
1270 303 1271 306 ’

186 347 328 382 vinciam
357 347 541 392 obtinebat,
570 351 606 383 et
632 349 705 384 Tib.
726 350 940 395 Sempronius
969 351 1149 394 Gracchus,
1180 351 1237 396 qui
1279 373 1281 375 ·

186 401 259 433 tum
283 399 442 444 magister
465 400 617 445 equitum
640 404 674 435 et
697 401 800 436 aedilis
825 402 948 436 curulis
972 406 1053 444 erat,
1081 402 1235 437 consules

186 453 402 485 crearentur:
429 456 589 495 praetores
607 451 683 487 inde
705 452 809 487 creati
826 453 875 487 M.
895 453 1050 488 Valerius
1075 453 1235 488 Laevinus
1271 455 1273 486 3

186 503 272 546 App.
292 501 453 536 Claudius
480 502 623 537 Pulcher
646 503 689 541 Q.
708 503 846 538 Fulvius
870 503 1009 539 Flaccus
1036 505 1078 542 Q.
1098 505 1235 539 Mucius
1272 509 1273 533 ἕ

153 552 342 587 4Soaevola.
392 553 548 588 Dictator
579 554 699 589 creatis
733 554 985 600 magistratibus
1018 555 1166 590 Teanum
1199 557 1235 590 in

186 603 324 639 hiberna
352 603 394 638 ad
420 606 606 639 exercitum
635 605 722 640 redit
748 606 865 640 relicto
895 606 1056 651 magistro
1083 607 1234 652 equitum
1272 607 1275 639 ἶ

190 655 313 697 Romae,
339 655 405 702 qui,
432 668 536 701 quum
560 659 637 702 post
662 669 784 702 paucos
813 657 882 691 dies
912 657 1146 702 magistratum
1175 658 1234 692 ini-
1272 669 1274 678 *

185 710 282 742 turus
307 711 406 749 esset,
433 708 473 743 de
498 709 702 744 exercitibus
727 709 909 744 scribendis
939 710 1234 756 comparandisque

185 759 220 793 in
237 771 359 793 annum
377 762 489 804 patres
507 759 706 795 consuleret.

154 820 173 849 5
234 810 349 848 Quum
375 823 422 845 eae
446 823 498 845 res
523 811 664 846 maxime
690 814 879 857 agerentur,
905 824 991 846 nova
1015 812 1124 847 clades
1149 824 1235 846 nun-

185 860 413 896 tiata—aliam
446 874 546 907 super
578 863 675 897 aliam
708 863 902 897 cumulante
934 863 968 897 in
1001 876 1075 897 eum
1109 876 1232 898 annum
1274 861 1277 877 ”

186 912 411 947 fortuna—L.
431 913 643 948 Postumium
660 914 830 949 consulem
848 913 1058 959 designatum
1076 914 1110 949 in
1128 914 1235 949 Gallia
1276 937 1278 944 ›

153 963 297 1008 6ipsum
326 966 427 1009 atque
460 965 646 999 exercitum
679 964 816 999 deletos.
868 965 957 999 Silva
989 970 1060 1000 erat
1093 969 1235 1000 vasta—

186 1014 343 1049 Litanam
372 1015 458 1050 Galli
487 1015 766 1061 vocabant—qua
798 1016 982 1051 exercitum
1016 1016 1233 1051 traducturus
1277 1043 1279 1046 .

153 1070 171 1103 7
186 1068 267 1101 erat.
317 1066 399 1112 Ejus
426 1066 517 1101 silvae
543 1067 661 1101 dextra
683 1067 830 1112 laevaque
856 1068 943 1102 circa
965 1067 1049 1102 viam
1076 1067 1162 1102 Galli
1183 1080 1235 1102 ar-

185 1117 281 1152 bores
307 1117 356 1152 ita
377 1117 566 1152 inciderunt
589 1121 628 1152 ut
651 1118 797 1153 immotae
820 1121 959 1162 starent,
978 1121 1144 1153 momento
1169 1118 1234 1153 levi
1277 1124 1280 1131 ⁴

154 1169 336 1215 Simpulsae
353 1169 552 1204 occiderent.
602 1170 769 1215 Legiones
793 1169 875 1205 duas
899 1171 1067 1205 Romanas
1090 1171 1234 1206 habebat

185 1221 380 1255 Postumius
398 1221 590 1267 sociumque
608 1221 649 1256 ab
675 1233 794 1267 supero
819 1222 902 1256 mari
918 1225 1050 1256 tantum
1069 1223 1235 1267 conscrip-

186 1276 285 1314 serat,
312 1274 351 1307 ut
376 1272 496 1318 viginti
529 1273 675 1318 quinque
708 1272 811 1307 millia
842 1276 1045 1307 armatorum
1073 1274 1108 1307 in
1136 1286 1234 1318 agros

155 1323 333 1358 9hostium
358 1323 538 1358 induxerit.
589 1323 676 1358 Galh'
704 1336 794 1358 oram
823 1328 984 1359 extremae
1014 1324 1104 1359 silvae
1131 1337 1234 1370 quum
1278 1321 1281 1337 '³

185 1374 487 1416 circumsedissent,
518 1375 577 1409 ubi
605 1375 744 1409 intravit
773 1387 892 1419 agmen
921 1375 1054 1419 saltum,
1081 1378 1155 1410 tum
1180 1388 1234 1410 ex·
1278 1378 1281 1394 '¹

185 1429 308 1460 tremas
335 1426 490 1460 arborum
524 1426 728 1461 succisarum
761 1426 959 1470 impellunt:
998 1439 1072 1472 quae
1105 1426 1168 1461 alia
1200 1427 1234 1461 in

185 1477 280 1511 aliam
307 1477 497 1512 instabilem
523 1490 582 1523 per
606 1490 642 1512 se
667 1489 704 1512 ac
729 1477 814 1512 male
842 1477 1023 1512 haerentem
1048 1478 1233 1512 incidentes
1280 1494 1281 1498 ¹

186 1529 325 1574 ancipiti
357 1532 470 1574 strage
503 1542 594 1563 arma
626 1529 714 1563 viros
747 1541 850 1574 equos
883 1529 1076 1570 obruerunt,
1108 1532 1146 1563 ut
1176 1529 1234 1564 vix
1280 1546 1282 1557 ι

138 1587 174 1617 10
188 1580 299 1615 decem
318 1580 468 1615 homincs
491 1581 688 1626 effugerent.
737 1580 826 1615 Nam
850 1593 952 1625 quum
970 1580 1149 1615 exanimati
1166 1581 1234 1626 ple-
1282 1606 1283 1610 ,

187 1632 281 1677 rique
303 1635 415 1667 essent
441 1632 595 1666 arborum
618 1631 746 1666 truncis
770 1632 1033 1678 fragmentisque
1056 1644 1233 1673 ramorum,

186 1686 340 1718 caeteram
365 1683 613 1717 multitudinem
646 1683 817 1728 inopinato
846 1683 932 1717 malo
956 1682 1121 1728 trepidam
1147 1682 1233 1717 Galli
1282 1686 1284 1695 '

185 1734 306 1768 saltum
341 1746 471 1769 omnem
509 1734 628 1769 armati
661 1733 943 1768 circumsedentes
978 1734 1228 1775 interfecerunt,

185 1786 300 1832 paucis
317 1797 336 1820 e
358 1788 454 1820 tauto
476 1797 614 1820 numero
635 1785 745 1826 captis
769 1784 826 1830 qui
848 1787 986 1830 pontem
1008 1785 1153 1819 fluminis
1176 1797 1231 1832 pc-
1278 1803 1282 1814 v
