1298 1921
0 0 1298 20 w

421 62 508 93 LIB.
530 62 657 92 xxiv.
681 64 732 98 40,
749 62 799 92 47.
1075 63 1135 92 253

93 103 251 134 A.c.213.]

87 148 232 181 superne
255 147 292 171 ac
312 136 480 171 vulnerari
500 139 645 182 possent,
668 135 795 181 cogniti
821 135 909 170 inter
937 147 972 170 se
1001 134 1135 180 quidam

85 187 272 232 Arpinique
297 189 330 221 et
357 187 501 222 Romani
524 190 624 234 atque
649 187 726 222 inde
748 186 911 232 colloquia
927 190 1038 231 coepta
1054 186 1136 227 fieri,

86 237 381 283 percunctantibus
393 238 564 280 Romanis,
580 239 661 284 quid
680 238 742 273 sibi
753 238 876 273 vellent
889 237 1019 282 Arpini,
1036 249 1135 283 quam

85 289 128 324 ob
156 301 276 324 noxam
303 289 541 331 Romanorum,
569 290 654 336 quod
686 297 744 324 aut-
773 289 931 324 meritum
956 288 1135 323 Poenorum

84 346 146 385 pro
179 340 372 385 alienigenis
406 353 444 376 ae
475 341 624 376 barbaris
664 341 776 376 Italici
814 340 972 375 adversus
1005 343 1136 375 veteres

85 391 192 426 socios
218 391 389 427 Romanos
412 392 532 427 bellum
560 395 727 438 gererent,
744 394 778 427 et
799 391 994 437 vectigalem
1021 402 1059 426 ac
1076 392 1137 426 sti-

84 442 288 488 pendiariam
315 443 448 478 Italiam
477 444 600 478 Africae
627 444 799 478 facerent:
825 442 963 488 Arpinis
990 454 1136 488 purgan-

84 494 175 529 tibus
204 494 337 540 ignaros
367 495 513 529 onmium
543 507 578 529 se
606 506 730 529 venum
758 506 777 528 a
804 493 1010 540 principibus
1038 493 1136 528 datos

83 545 199 586 Poeno‚
217 549 332 590 captos
356 557 602 592 oppressosque
626 558 645 580 a
671 545 785 591 paucis
803 557 886 580 esse.
936 544 1041 580 Initio
1059 548 1134 579 orto
1149 550 1167 578 5

84 596 197 640 plures
215 608 290 631 cum
304 596 456 641 pluribus
474 596 616 642 colloqui
631 612 638 631 :
666 600 835 642 postremo
848 598 972 642 praetor
984 596 1134 642 Arpinus

85 647 126 681 ab
144 648 212 682 suis
230 647 270 682 ad
294 647 462 682 consulem
485 647 660 689 deductus,
680 647 809 693 fideque
831 647 909 682 data
932 648 1022 682 inter
1039 647 1137 693 signa

85 699 238 744 aciesque
255 699 374 744 Arpini
391 703 528 744 repente
549 711 610 744 pro
629 699 790 734 Romanis
816 699 975 733 adversus
993 698 1135 733 Cartha-

85 750 286 794 giniensium
304 762 394 784 arma
411 762 446 784 se
466 753 651 785 verterunt.
701 750 849 795 Hispani
875 762 1019 795 quoque,
1036 749 1134 795 paulo
1148 753 1166 782 6

87 801 194 835 minus
211 801 300 836 mille
317 801 476 843 homines,
496 801 579 836 nihil
603 803 726 846 praeter
743 813 783 836 ea
799 813 874 836 cum
893 800 1028 836 consule
1046 801 1136 846 pacti

85 864 183 898 quam
207 854 246 887 ut
271 852 342 887 sine
368 852 484 887 fraude
509 853 674 888 Punicum
698 852 911 887 emitteretur
931 851 1133 898 praesidium,

84 903 127 938 ad
158 903 327 939 consulem
360 904 609 939 transtulerunt
644 904 747 950 signa.
799 903 1168 949 Carthaginiensibus?

84 959 192 1000 portae
208 955 384 1000 patefactae
402 955 582 1001 emissique
600 968 676 991 cum
696 955 760 990 fide
782 955 965 990 incolumes
983 954 1025 989 ad
1041 955 1138 990 Han-

84 1005 227 1041 nibalem
260 1006 424 1052 Salapiam
457 1010 632 1042 venerunt.
688 1006 774 1051 Arpi
807 1007 877 1041 sine
911 1006 1004 1041 clade
1036 1006 1169 1041 ulliusS

84 1061 308 1104 praeterquam
325 1058 425 1092 unius
447 1059 570 1093 veteris
596 1058 787 1104 proditoris,
804 1058 883 1093 novi
906 1058 1069 1104 perfugae,
1087 1070 1138 1092 rc-

85 1110 199 1144 stituti
232 1110 273 1145 ad
306 1110 487 1146 Romanos.
537 1111 699 1156 Hispanis
733 1110 880 1156 duplicia
912 1110 1035 1145 cibaria
1068 1110 1170 1144 dari9

80 1161 184 1206 jussa,
209 1173 376 1207 operaque
401 1174 515 1197 eorum
540 1163 620 1197 forti
646 1174 684 1197 ac
710 1162 799 1197 fideli
819 1174 968 1208 persaepe
984 1174 1038 1197 res
1056 1162 1140 1207 pub-

83 1212 146 1247 lica
162 1225 222 1247 usa
240 1216 300 1248 est.

131 1265 242 1306 Quum
265 1264 382 1299 consul
407 1265 491 1300 alter
515 1264 550 1299 in
575 1264 698 1310 Apulia
716 1264 800 1299 alter
822 1264 857 1299 in
873 1264 1021 1299 Lucanis
1038 1266 1138 1306 esset,
1155 1269 1192 1298 10

84 1315 214 1360 equites
232 1319 368 1350 eentum
386 1315 560 1351 duodecim
583 1316 711 1351 nobiles
738 1316 898 1361 Campani
917 1328 977 1360 per
994 1316 1139 1362 speciem

85 1366 253 1411 praedandi
282 1380 323 1402 ex
347 1367 495 1402 hostium
521 1380 601 1414 agro
624 1368 791 1413 permissu
813 1368 1074 1414 magistratuum
1099 1367 1139 1402 ab

85 1418 202 1463 Capua
218 1418 359 1464 profecti
374 1419 416 1454 ad
433 1422 544 1454 castra
561 1420 724 1462 Romana,
738 1432 811 1465 quae
826 1432 927 1464 super
945 1418 1140 1454 Suessulam

85 1474 190 1511 erant,
210 1473 385 1512 venerunt,
412 1471 552 1506 stationi
576 1471 724 1506 militum
748 1471 805 1517 qui
830 1473 943 1505 essent
967 1470 1137 1512 dixerunt,

85 1521 229 1567 colloqui
253 1534 327 1557 sese
352 1534 427 1557 cum
452 1526 596 1569 praetore
621 1523 715 1558 velle.
767 1523 827 1558 Cn.
847 1522 988 1557 Fulvius
1021 1523 1139 1557 castris
1157 1527 1191 1557 ll

84 1576 248 1618 praeerat:
276 1573 330 1608 cui
354 1573 412 1608 ubi
433 1575 627 1609 nuntiatum
645 1578 707 1616 est,
727 1575 843 1609 decem
868 1586 912 1609 ex
938 1586 977 1609 eo
999 1586 1140 1608 numero

79 1624 184 1669 jussis
218 1625 401 1660 inermibus
435 1625 553 1661 deduci
586 1625 628 1661 ad
661 1638 707 1669 sc,
736 1626 793 1661 ubi
827 1638 900 1672 quae
930 1626 1141 1671 postularent

85 1675 344 1710 audivit—nihil
371 1683 483 1712 autem
511 1677 601 1712 aliud
630 1677 791 1723 petebant
821 1690 921 1723 quam
953 1680 992 1712 ut
1026 1677 1142 1722 Capua

87 1730 223 1772 recepta
256 1728 342 1762 bona
374 1728 438 1763 sibi
474 1729 792 1771 restituerentur—,
826 1730 861 1764 in
894 1729 992 1763 fidem
1026 1741 1141 1763 omnes

89 1779 228 1824 accepti.
278 1779 325 1814 Et
358 1779 399 1815 ab
433 1780 537 1815 altero
571 1787 713 1826 praetore
747 1780 943 1826 Sempronio
975 1779 1172 1817 Tuditanol
