1298 1921
0 0 866 20 ἐᾷ

376 44 467 76 LIB.
489 43 589 75 XXI.
611 45 747 75 28-30.
1055 44 1096 73 29

47 87 256 168 {iiucmflsiiiiul
273 132 435 166 omenque
452 119 529 154 belli
546 121 584 154 ut
609 131 744 154 summae
765 130 878 153 rerum
900 129 1096 163 prosperum

47 176 214 214 eventum,
238 172 286 206 ita
307 171 394 206 haud
417 183 496 206 sane
515 171 724 205 incruentam
748 169 967 215 ancipitisque
990 172 1096 203 certa-

46 223 143 258 minis
167 222 340 258 victoriam
366 221 526 256 Romanis
553 220 733 266 portendit.
784 221 834 256 Ut
859 232 894 254 re
923 220 971 254 ita
999 223 1125 265 gesta5

47 274 88 309 ad
117 277 296 319 utrumque
321 273 438 308 ducem
464 273 515 307 sm·
539 271 720 313 redierunt,
747 284 808 306 nec
834 271 979 316 Scipioni
1006 275 1096 306 stare

47 325 215 360 sententia
234 328 375 370 poterat,
400 324 464 358 nisi
487 327 525 358 ut
545 335 587 358 ex
609 322 755 358 consiliis
779 322 964 368 coeptisque
990 322 1096 356 hostis

46 380 80 411 et
113 377 183 422 ipse
216 378 354 410 conatus
393 378 548 420 caperet:
591 377 625 409 et
658 374 883 409 Hannibalem
917 373 1094 415 incertum,

46 430 160 462 utrum
188 429 331 472 coeptum
359 427 393 461 in
418 426 551 461 Italiam
575 425 765 460 intenderet
790 426 854 460 iter
880 437 922 459 an
946 437 1022 459 cum
1046 437 1095 466 ec,

47 478 103 523 qui
133 478 260 523 primus
293 489 329 512 se
359 477 538 512 obtulisset
568 477 740 511 Romanus
773 476 949 517 exercitus,
980 488 1098 510 manus

46 532 245 570 consereret,
265 529 386 563 avertit
411 541 431 562 a
447 528 605 573 praesenti
630 527 811 562 certamine
828 527 989 562 Boiorum
1006 526 1098 572 lega-

44 584 156 614 torum
181 580 354 625 regulique
379 578 506 624 Magali
535 578 710 621 adventus,
735 579 792 624 qui
817 591 852 613 se
878 578 979 613 duces
1002 578 1098 613 itine-

44 643 119 665 rum
135 631 242 665 socios
259 630 398 675 periculi
420 629 491 664 fore
514 629 728 664 adfirmantes
751 630 885 676 integro
907 629 995 664 bello
1019 642 1100 664 nus-

45 694 143 727 quam
157 685 233 716 ante
250 681 363 716 libatis
380 680 507 716 viribus
524 680 659 715 Italiam
672 680 933 726 adgrediendam
947 684 1096 715 censent.

44 732 232 767 Multitudo
257 732 397 767 timebat
421 731 554 778 quidem
574 732 706 766 hostem
730 731 878 766 nondum
901 731 1129 769 oblitterataG

43 784 202 819 memoria
233 783 414 829 superioris
447 783 536 824 belli,
568 782 627 817 sed
660 783 765 828 magis
798 783 864 817 iter
895 782 1095 818 immensum

42 835 331 881 Alpesque—rem
362 835 450 869 fama
481 834 600 880 utique
628 834 814 880 inexpertis
846 834 1094 869 horrendam—-

42 886 223 921 metuebat.

88 937 209 983 Itaque
234 935 414 978 Hannibal,
432 938 609 982 postquam
625 935 690 981 ipsi
712 936 881 971 sententia
903 936 999 972 stetit
1016 949 1090 983 per·
1104 935 1190 978 (30)

42 1000 121 1034 gere
143 988 191 1024 ire
214 994 314 1033 atque
337 988 474 1022 Italiam
496 990 621 1032 petere,
643 986 804 1022 advocata
826 987 984 1023 concione
1002 988 1092 1023 varie

41 1039 186 1074 militum
210 1042 321 1074 versat
344 1039 470 1073 animos
493 1038 687 1084 castigando
708 1038 1000 1085 adhortandoque:
1034 1040 1093 1074 mi-

41 1091 108 1125 rari
125 1103 170 1134 se,
188 1091 322 1136 quinam
344 1094 480 1136 pectora
505 1102 636 1135 semper
660 1090 828 1136 impavida
844 1103 963 1136 repens
985 1094 1095 1126 terror

41 1141 219 1177 invaserit:
246 1154 306 1187 per
330 1144 382 1176 tot
400 1153 503 1176 annos
528 1141 700 1176 vincentes
718 1153 775 1176 eos
796 1141 962 1187 stipendia
986 1142 1095 1178 facere

41 1205 149 1238 neque
166 1196 244 1227 ante
262 1192 428 1237 Hispania
451 1193 633 1227 excessisse
651 1204 751 1238 quam
778 1205 892 1228 omnes
909 1196 1095 1239 gentesque

41 1247 76 1279 et
92 1247 191 1280 terrae
208 1257 264 1286 eae,
284 1256 365 1290 quas
383 1243 449 1278 duo
467 1244 598 1278 diversa
619 1244 725 1279 maria
741 1244 995 1290 amplectantur,
1014 1246 1095 1281 Car-

41 1295 303 1342 thaginiensium
335 1299 468 1330 essent:
502 1294 693 1341 indignatos
733 1295 852 1331 deinde
885 1297 983 1342 quod,
1019 1297 1094 1343 qui-

42 1359 184 1392 cumque
210 1347 398 1392 Saguntum
430 1345 650 1388 obsedissent,
677 1346 769 1381 velut
802 1347 844 1382 ob
878 1360 998 1383 noxam
1031 1348 1095 1384 sibi

42 1397 118 1433 dedi
140 1397 326 1443 postularet
351 1396 494 1443 populus
520 1397 705 1440 Romanus,
730 1397 897 1433 Hiberum
922 1400 1094 1445 trajecisse

42 1448 83 1483 ad
101 1448 277 1484 delendum
293 1460 415 1483 nomen
437 1448 666 1483 Romanorum
683 1448 957 1496 liberandumque
980 1451 1094 1486 orbem

41 1503 217 1535 terrarum.
266 1499 353 1534 Tum
385 1499 510 1534 nemini
542 1500 652 1534 visum
684 1499 719 1534 id
741 1499 889 1546 longum,
917 1514 1020 1547 quum
1053 1502 1126 1537 ab2

41 1562 162 1585 occasu
187 1550 263 1585 solis
287 1550 330 1585 ad
358 1554 495 1585 exortus
521 1550 734 1585 intenderent
759 1551 843 1586 iter:
877 1565 976 1594 nunc,
1003 1559 1080 1598 post

42 1614 141 1647 quam
157 1601 263 1636 multo
279 1601 438 1646 majorem
460 1604 588 1646 partem
605 1601 734 1636 itineris
758 1614 926 1638 emensam
943 1608 1091 1647 cernant,

42 1653 240 1698 Pyrenaeum
257 1652 379 1687 saltum
396 1652 485 1686 inter
507 1652 728 1687 ferocissimas
746 1658 864 1699 gentes
887 1660 1091 1700 superatum,

42 1703 244 1738 Rhodanum
266 1706 400 1738 tantum
423 1715 554 1738 amnem
576 1706 629 1738 tot
651 1703 797 1739 millibus
824 1705 990 1740 Gallorum
1017 1719 1094 1752 pro-

41 1754 235 1791 hibentibus
253 1754 380 1790 domita
395 1754 497 1790 etiam
514 1754 621 1800 ipsius
638 1755 784 1790 fluminis
802 1756 835 1791 vi
851 1757 1040 1803 trajectum,
1059 1758 1095 1793 in
