1298 1921
422 37 512 68 LIB.
536 36 663 67 XXIV.
694 37 746 74 29,
763 38 816 68 30.
1077 39 1140 68 235

91 79 130 104 A.
147 79 176 104 c.
192 78 262 111 214.]

89 123 252 158 recepere,
276 110 353 147 inde
375 111 458 148 clam
481 113 580 147 nocte
604 110 798 146 Herbesum
823 110 1030 158 perfugiunt.
1080 112 1171 156 Sy-:i

89 163 259 198 racusanis
297 166 372 198 octo
405 163 544 198 millium
577 165 780 198 armatorum
816 162 947 208 agmine
979 162 1140 208 profectis

89 213 187 249 domo
204 214 245 249 ad
268 214 384 261 Mylan
399 215 524 250 flumen
547 214 689 249 nuntius
707 214 852 249 occurrit
875 216 1005 259 captam
1023 214 1141 249 urbem

89 277 172 307 esse,
185 268 307 301 caetera
318 265 401 301 falsa
412 266 519 301 mixta
530 266 617 300 veris
629 266 754 300 ferens:
781 264 904 300 caedem
918 265 1138 311 promiscuam

89 316 234 352 militum
257 319 358 363 atque
382 317 626 363 oppidanorum
646 316 768 352 factam
793 328 855 351 nec
878 316 1054 362 quicquam
1078 328 1142 361 pu-

89 367 206 403 berum
228 368 381 403 arbitrari
408 380 593 414 superesse,
612 368 778 413 direptam
799 367 927 411 urbem,
945 367 1032 402 bona
1050 367 1141 402 loeu-

89 419 230 464 pletium
261 419 394 455 donata.
443 419 498 455 Ad
530 419 688 454 nuntium
716 422 785 454 tam
814 426 961 454 atrocem
987 418 1171 454 constitit4

89 482 218 516 agmen,
236 472 480 516 concitatisque
493 471 646 506 omnibus
660 470 904 505 duces-erant
923 475 1034 505 autem
1049 470 1140 505 Sosis

89 534 128 557 ac
162 522 492 568 Dinomenes—quid
525 524 664 565 agerent
696 521 941 557 consultabant.
990 522 1170 557 Terroris5

89 574 236 618 speciem
268 574 358 609 haud
389 586 507 609 vanam
535 573 706 608 mendacio
735 572 947 618 praebuerant
974 572 1142 608 verberati

89 637 128 660 ac
152 626 260 661 securi
286 626 432 671 percussi
458 626 642 671 transfugae
666 625 708 660 ad
732 625 798 660 duo
821 625 924 660 millia
945 625 1138 660 hominum:

89 679 246 712 caeterum
269 677 513 712 Leontinorum
537 677 747 722 militumque
774 676 914 711 aliorum
939 688 1036 712 nemo
1063 679 1140 722 post

88 732 220 774 captam
244 728 362 764 urbem
389 728 534 763 violatus
562 728 683 770 fuerat,
707 740 834 773 suaque
858 727 969 762 omnia
992 728 1050 770 eis,
1075 727 1142 762 nisi

89 791 163 824 quae
187 779 316 824 primus
340 779 507 814 tumultus
531 784 638 824 captae
660 779 753 814 urbis
778 779 1020 824 absumpserat,
1045 779 1141 814 resti-

87 830 280 866 tuebantur.
330 831 405 866 Nec
421 834 460 865 ut
476 830 662 865 Leontinos
679 830 776 872 irent,
791 830 941 876 proditos
959 829 1001 864 ad
1017 830 1140 865 caedem
1151 834 1170 865 6

88 881 329 917 commilitones
353 886 541 928 querentes,
559 881 696 927 perpelli
721 884 869 927 potuere,
889 893 951 916 nec
968 884 1007 916 ut
1024 881 1141 916 eodem

87 932 160 968 loco
189 933 366 969 certiorem
394 934 549 968 nuntium
576 935 820 976 exspectarent.
871 932 987 970 Quum
1014 932 1056 968 ad
1085 932 1170 972 ἀεὶ-7

88 984 267 1020 sectionem
298 984 477 1020 inclinatos
510 985 636 1019 animos
669 987 844 1019 cernerent
877 988 1048 1030 praetores,
1082 984 1142 1019 sed.

88 1048 165 1070 eum
197 1039 329 1071 motum
360 1035 450 1071 haud
476 1035 673 1071 diuturnum
701 1036 772 1070 fore
797 1035 826 1070 si
854 1034 956 1070 duces
987 1036 1141 1071 amentiae

88 1087 212 1122 sublati
244 1090 366 1129 essent,
401 1087 585 1122 exercitum
622 1087 750 1122 ducunt
783 1086 932 1132 Megara,
967 1086 1032 1132 ipsi
1064 1099 1141 1122 cum

87 1138 202 1183 paucis
227 1138 396 1184 equitibus
425 1139 618 1174 Herbesum
642 1138 902 1183 proficiscuntur
928 1151 987 1184 spe
1013 1138 1141 1173 territis

87 1189 240 1225 omnibus
269 1202 329 1236 per
353 1189 577 1236 proditionem
602 1189 695 1225 urbis
722 1189 904 1234 potiundae.
954 1189 1057 1228 Quod
1083 1189 1170 1227 ubis

87 1241 215 1276 frustra
238 1241 286 1276 eis
311 1241 376 1276 fuit
398 1241 579 1286 inceptum,
603 1241 637 1276 vi
661 1240 826 1287 agendum
850 1240 915 1275 rati
931 1244 1068 1285 postero
1087 1241 1141 1276 die

86 1291 238 1337 Megaris
264 1298 375 1327 castra
400 1295 546 1337 movent,
570 1294 610 1327 ut
634 1291 827 1327 Herbesum
853 1292 1006 1327 omnibus
1036 1292 1140 1338 copiis

87 1347 330 1390 oppugnarent.
380 1344 607 1390 Hippocrates
621 1346 655 1378 et
672 1343 847 1389 Epicydes,
862 1355 931 1378 non
943 1350 1011 1378 tam
1026 1346 1137 1378 tutum
1150 1351 1170 1381 9

87 1394 194 1439 prima
210 1395 319 1440 specie
336 1407 435 1441 quam
452 1407 557 1430 unum
575 1407 634 1441 spe
656 1395 805 1441 undique
822 1394 951 1430 abscisa
967 1394 1142 1429 consilium

87 1458 160 1480 esse
178 1446 252 1488 rati,
266 1449 306 1481 ut
323 1459 359 1481 se
375 1447 537 1482 militibus
555 1446 790 1492 permitterent
804 1449 837 1481 et
855 1446 1003 1481 adsuetis
1021 1459 1143 1492 magna

86 1509 128 1532 ex
158 1502 253 1543 parte
281 1497 345 1533 sibi
372 1503 406 1533 et
438 1502 512 1533 tum
544 1498 632 1532 fama
664 1497 763 1533 caedis
796 1497 1059 1532 commilitonum
1088 1510 1141 1533 ac-

86 1549 206 1591 censis,
232 1548 362 1584 obviam
388 1549 514 1596 agmini
545 1548 741 1595 procedunt.
790 1549 903 1584 Prima
934 1549 1022 1584 forte
1047 1549 1141 1595 signa
1154 1557 1192 1587 10

87 1602 321 1635 sexcentorum
344 1600 557 1636 Cretensium
579 1604 685 1642 erant,
705 1600 763 1646 qui
779 1600 870 1645 apud
894 1600 1141 1647 Hieronymum

86 1654 277 1686 meruerant
303 1652 364 1687 sub
391 1652 438 1687 eis
464 1658 499 1687 et
524 1652 725 1687 Hannibalis
749 1651 946 1687 beneficium
971 1651 1140 1687 habebant

86 1702 177 1748 capti
205 1702 247 1737 ad
276 1703 542 1738 Trasumennum
571 1704 660 1738 inter
686 1703 916 1738 Romanorum
943 1703 1066 1738 auxilia
1090 1703 1139 1738 di-

86 1754 255 1800 missique.
318 1755 409 1797 Quos
442 1754 501 1791 ubi
532 1767 577 1790 ex
609 1755 714 1801 signis
748 1754 932 1801 habituque
970 1760 1189 1792 armorumll
