1298 1921
155 69 215 100 178
413 67 448 97 T.
468 67 587 97 LIVII
614 68 949 98 HISTORIARUM
1151 113 1157 121 ι
1186 112 1196 117 ‚

153 141 259 175 creati
288 142 393 182 erant,
419 141 549 176 vacatio
574 153 593 176 a
617 141 696 176 belli
713 141 1006 176 administratione
1031 109 1206 177 d[aAtacesit³{

154 191 327 226 Valerium
342 198 519 237 praetorem
537 193 571 227 in
584 193 739 238 Apuliam
754 193 802 227 ire
820 193 946 238 placuit
964 193 1005 227 ad
1022 194 1207 228 exercitum

156 255 175 277 a
193 243 350 278 Terentio
369 243 618 288 accipiendum:
654 257 756 289 quum
781 256 823 279 ex
849 245 959 279 Sicilia
980 244 1129 289 legiones
1153 258 1208 280 ve-

157 295 297 336 nissent,
316 295 356 329 iis
375 295 586 340 potissimum
603 296 655 329 uti
673 295 713 329 ad
737 295 881 341 regionis
899 298 972 339 ejus
995 296 1206 340 praesidium:

156 345 396 381 Terentianum
426 346 609 380 Tarentum
636 346 727 380 mitti
753 358 829 381 cum
859 346 968 391 aliquo
997 346 1205 392 legatorum:

157 400 191 431 et
208 397 329 442 viginti
347 398 497 442 quinque
514 409 617 431 naves
635 396 731 437 datae,
750 397 871 442 quibus
895 409 985 432 oram
1008 398 1207 432 maritimam

108 447 244 484 llinter
276 447 497 482 Brundisium
530 459 569 482 ae
602 448 784 482 Tarentum
818 448 923 482 tutari
957 454 1081 494 posset.
1142 449 1208 483 Par

156 499 292 533 navium
324 511 484 534 numerus
515 499 557 536 Q.
577 498 696 533 Fulvio
726 499 860 544 praetori
892 500 1019 534 urbano
1053 500 1207 534 decretus

107 549 199 587 mad
225 550 417 584 suburbana
446 549 545 584 litora
572 550 724 584 tutanda.
774 550 811 585 C.
832 550 989 585 Terentio
1019 551 1207 595 proconsuli

157 601 330 646 negotium
364 601 479 634 datum
512 603 551 635 ut
584 601 619 636 in
652 602 777 636 Piceno
810 613 890 646 agro
929 602 1207 646 conquisitionem

109 652 301 687 13111111111111
334 652 471 687 haberet
501 651 648 697 locisque
681 652 732 686 his
761 652 917 697 praesidio
945 655 1045 687 esset.
1094 653 1140 687 Et
1169 654 1206 687 Τ.

157 703 323 737 Otacilius
341 703 494 744 Crassus,
515 708 694 748 postquam
717 703 819 737 aedem
838 703 967 738 Mentis
990 704 1024 738 in
1043 703 1208 749 Capitolio

160 754 335 798 dedicavit,
361 754 395 789 in
422 754 566 788 Siciliam
589 766 665 789 eum
688 754 829 799 imperio
853 754 908 800 qui
933 754 1031 789 classi
1050 760 1208 800 praeesset

160 805 292 840 missus.

67 857 151 900 (33)
207 857 247 891 Ι11
272 857 357 891 hanc
382 856 626 892 dimicationem
652 856 793 891 duorum
819 857 1148 901 opulentissimorum
1175 858 1209 892 in

159 908 257 943 terris
291 907 490 953 populorum
519 920 633 943 omnes
662 920 758 953 reges
784 914 969 953 gentesque
1002 909 1130 943 animos
1160 908 1209 942 111-

157 960 345 1002 tenderant,
374 959 463 994 inter
496 972 579 1005 quos
612 960 790 1004 Philippus
824 959 1047 994 Macedonum
1081 972 1140 995 rex
1169 972 1208 994 eo

157 1011 274 1057 magis,
309 1011 397 1056 quod
438 1011 572 1056 propior
616 1011 722 1046 Italiae
757 1023 794 1045 ac
827 1011 910 1045 mari
947 1014 1080 1045 tantum
1114 1012 1209 1045 Ionio

127 1062 322 1099 2discretns
352 1065 435 1097 erat.
486 1063 531 1106 Is,
556 1062 614 1097 ubi
639 1062 781 1108 primum
807 1062 894 1096 fama
923 1062 1052 1107 accepit
1079 1063 1208 1096 Hanni-

156 1114 262 1149 balem
292 1114 396 1159 Alpes
426 1117 684 1159 transgressum,
714 1117 752 1148 ut
782 1113 867 1148 bello
897 1115 985 1148 inter
1014 1114 1207 1148 Romanum

156 1166 363 1210 Poenumque
386 1168 461 1199 orto
484 1164 618 1200 laetatus
639 1172 721 1206 crat,
747 1165 803 1205 ita,
824 1165 934 1199 utrius
959 1165 1073 1210 populi
1095 1165 1209 1200 mallet

156 1216 331 1251 victoriam
349 1228 432 1257 esse,
452 1216 588 1250 incertis
610 1216 718 1250 adhue
741 1216 868 1250 viribus
892 1216 1076 1250 fluctuatus
1100 1217 1209 1250 animo

128 1275 146 1303 3
158 1268 278 1302 fuerat.
328 1267 513 1312 Postquam
531 1267 633 1301 tertia
646 1269 715 1311 jam
735 1279 849 1312 pugna
868 1267 969 1301 tertia
985 1268 1052 1312 jam
1070 1267 1211 1302 victoria

157 1332 232 1354 cum
258 1319 372 1354 Poenis
398 1324 480 1359 erat,
500 1318 542 1352 ad
568 1318 736 1352 fortunam
761 1317 932 1353 inclinavit
956 1318 1150 1363 legatosque
1169 1318 1209 1353 ad

157 1370 380 1406 Hannibalem
416 1370 518 1412 misit,
548 1370 604 1415 qui
637 1370 783 1404 vitantes
816 1376 934 1415 portus
967 1369 1206 1404 Brundisinum

156 1423 450 1468 Tarentinumque,
487 1421 565 1466 quia
602 1421 765 1456 custodiis
805 1422 937 1455 navium
979 1421 1208 1455 Romanarum

156 1473 369 1514 tenebantur,
398 1473 440 1507 ad
473 1472 620 1507 Laciniae
650 1472 797 1506 Junonis
830 1472 993 1517 templum
1023 1472 1057 1507 iu
1085 1475 1209 1506 terram

126 1525 283 1571 4cgressi
316 1527 406 1559 sunt.
467 1523 551 1558 Inde
585 1536 644 1568 per
676 1523 834 1567 Apuliam
871 1527 1024 1568 petentes
1059 1523 1206 1568 Capuam

157 1575 265 1610 media
293 1575 328 1610 111
361 1575 515 1619 praesidia
546 1575 697 1609 Romana
720 1574 803 1609 illati
829 1578 908 1609 sunt
938 1574 1139 1620 deductique
1169 1575 1208 1608 acl

161 1627 329 1661 Valerium
359 1627 534 1661 Laevinum
565 1629 740 1671 praetorem
770 1626 858 1660 circa
887 1626 1067 1661 Nuceriam
1101 1630 1209 1661 castra

129 1679 345 1714 5habentem.
396 1677 450 1712 Ibi
476 1677 639 1722 intrepide
667 1677 892 1721 Xenophanes
918 1677 1094 1723 legationis
1120 1678 1209 1721 prin-

158 1742 236 1774 ceps
262 1742 281 1763 a
305 1728 459 1774 Philippo
485 1741 562 1772 rege
588 1740 621 1762 se
648 1728 785 1762 missum
815 1729 861 1762 ait
887 1728 926 1762 ad
953 1728 1131 1763 amicitiam
1160 1740 1208 1762 so-

159 1781 382 1827 cietatemque
404 1780 609 1826 jungendam
634 1793 709 1815 cuni
732 1786 854 1826 populo
874 1780 1035 1821 Romano,
1054 1780 1209 1814 mandata
