1298 1921
382 23 472 55 LIB.
493 23 612 54 XXII.
634 25 771 56 54—56.
1048 27 1110 58 127

59 65 228 145 gessdgiliile
245 110 306 144 per
322 97 480 145 impigros
494 101 635 143 juvenes
660 110 744 134 esse.
794 98 885 134 Illud
908 111 970 145 per
996 101 1142 146 patres4

58 149 149 195 ipsos
173 149 349 196 agendum,
373 150 530 195 quoniam
552 150 813 196 magistratuum
836 163 956 195 parum
985 151 1040 195 sit,
1069 155 1109 187 ut

58 201 241 236 tumultum
267 213 304 236 ac
328 201 586 246 trepidationem
610 201 645 236 in
672 201 755 236 urbe
780 201 912 245 tollant,
937 207 1109 238 matronas

58 251 190 298 publico
207 255 341 287 arceant
358 253 586 298 continerique
604 252 692 287 intra
709 265 806 287 suum
824 265 990 299 quamque
1006 253 1108 290 limen

58 307 191 347 cogant,
205 303 429 349 comploratus
446 304 644 338 familiarum
662 309 847 346 coerceant,
861 304 1031 339 silentium
1049 317 1109 351 per

57 354 174 390 urbem
206 354 339 397 faciant,
372 356 509 390 nuntios
542 368 652 390 rerum
692 355 840 390 omnium
873 356 915 390 ad
949 358 1108 401 praetores

58 405 268 442 deducendos
285 411 413 450 curent,
427 420 495 442 suae
513 407 652 453 quisque
670 407 814 442 fortunae
832 406 921 441 domi
937 410 1109 443 auctorem

57 460 263 503 exspectent,
281 458 504 504 custodesque
521 462 682 504 praeterea
707 457 749 493 ad
766 462 880 504 portas
898 461 1035 504 ponant,
1051 459 1109 504 qui

57 508 256 554 prohibeant
273 522 471 556 quemquam
488 509 602 555 egredi
621 509 733 544 urbem
752 511 939 554 cogantque
957 508 1108 545 homines

56 559 183 595 nullam
206 560 271 595 nisi
294 560 377 596 urbe
402 573 440 596 ac
464 560 627 595 moenibus
653 560 754 595 salvis
780 561 923 595 salutem
948 572 1105 606 sperare:

56 611 115 646 ubi
138 612 336 647 conticuerit
361 611 537 653 tumultus,
564 616 637 646 tum
662 612 697 646 in
721 612 847 646 curiam
872 614 984 657 patres
1012 624 1108 647 revo-

56 662 179 698 candos
197 663 501 708 consulendumque
519 662 559 698 de
576 662 668 698 urbis
686 661 839 697 custodia
854 675 938 697 esse.

103 714 218 753 Quum
250 714 284 749 in
317 714 401 750 hanc
433 714 633 749 sententiam
666 713 806 759 pedibus
839 725 953 748 omnes
986 714 1105 756 issent,
1120 714 1202 756 (56)

56 769 288 811 summotaque
312 765 385 800 foro
408 778 468 811 per
490 766 708 811 magistratus
726 764 828 799 turba
847 768 961 809 patres
984 764 1107 800 diversi

55 816 97 851 ad
113 816 275 852 sedandos
293 816 459 852 tumultus
484 817 726 860 discessissent,
743 820 817 851 tum
835 816 967 851 demum
984 815 1107 851 litterae

55 880 75 903 a
99 868 137 904 C.
155 869 312 904 Terentio
337 869 473 904 consule
502 869 620 904 adlatae
645 872 734 910 sunt,
765 868 806 903 L.
824 868 1000 903 AEmilium
1029 880 1108 903 con-

54 920 159 955 sulem
178 921 428 966 exercitumque
453 933 585 964 caesum,
603 933 675 955 sese
697 919 835 954 Canusii
859 931 932 954 esse
950 919 1107 965 reliquias

53 975 158 1007 tantae
175 972 277 1007 cladis
293 971 386 1007 velut
409 984 450 1007 ex
469 972 645 1018 naufragio
669 971 881 1017 colligentem
897 986 904 1006 ε
931 970 973 1005 ad
993 970 1108 1006 decem

53 1023 158 1058 millia
189 1023 333 1058 militum
366 1023 469 1058 ferme
502 1036 575 1058 esse
607 1023 905 1068 incompositorum
937 1021 1107 1057 inordina-

52 1077 253 1121 torumque:
279 1075 419 1110 Poenum
449 1074 564 1110 sedere
593 1074 635 1109 ad
661 1074 805 1115 Cannas,
833 1073 868 1109 in
896 1073 1107 1119 captivorum

52 1126 168 1170 pretiis
201 1126 378 1172 praedaque
411 1126 475 1161 alia
507 1138 568 1161 nec
599 1125 738 1161 victoris
767 1125 877 1160 animo
904 1137 966 1160 nec
994 1125 1108 1171 magni

52 1176 156 1213 ducis⁴
175 1190 267 1212 more
294 1177 548 1212 nundinantem.
597 1177 683 1212 Tum
713 1177 852 1222 privatae
885 1188 1018 1223 quoque
1047 1183 1139 1222 per2

51 1228 167 1264 domos
190 1228 299 1264 clades
323 1229 468 1275 vulgatae
493 1231 582 1271 sunt,
606 1228 755 1274 adeoque
779 1231 886 1263 totam
906 1227 1024 1263 urbem
1047 1239 1106 1273 op-

51 1279 154 1325 plevit
181 1279 294 1315 luctus
325 1283 363 1315 ut
392 1292 523 1315 sacrum
553 1279 815 1314 anniversarium
845 1279 976 1314 Cereris
1002 1279 1105 1314 inter-

50 1330 190 1365 missum
212 1330 266 1374 sit,
292 1331 370 1377 quia
389 1343 452 1366 nec
473 1330 668 1376 lugentibus
689 1330 723 1365 id
748 1330 856 1365 facere
880 1332 932 1365 cst
955 1329 1015 1372 fas,
1042 1342 1104 1365 nec

49 1381 118 1416 ulla
142 1381 178 1416 in
202 1381 259 1417 illa
284 1385 486 1427 tempestate
516 1385 667 1416 matrona
693 1394 814 1427 expers
839 1381 952 1416 luctus
980 1381 1101 1416 fuerat.

48 1433 172 1479 Itaque
188 1445 231 1468 ne
247 1433 289 1468 ob
306 1433 445 1468 eandem
462 1445 597 1469 causam
615 1433 679 1468 alia
701 1445 834 1479 quoque
858 1445 954 1468 sacra
969 1432 1102 1479 publica
1116 1441 1134 1470 3

49 1487 108 1519 aut
133 1484 264 1530 priva-ta
287 1484 531 1528 desererentur,
556 1488 694 1519 senatus
720 1484 875 1520 consulto
900 1483 1018 1519 diebus
1043 1484 1101 1519 tri-

49 1536 144 1582 ginta
164 1535 276 1571 luctus
297 1539 349 1571 est
369 1533 494 1571 finitus.
545 1536 712 1571 Caeterum
739 1549 842 1582 quum
867 1535 983 1570 sedato
1008 1535 1100 1571 urbis
1115 1545 1135 1574 4

48 1586 200 1622 tumultu
224 1587 372 1622 revocati
393 1587 428 1622 in
448 1587 573 1622 curiam
599 1591 713 1632 patres
734 1590 858 1630 essent,
876 1586 947 1621 aliae
964 1586 1101 1632 insuper

48 1638 220 1681 exssicilja
235 1638 356 1673 litterae
374 1637 491 1673 adlatae
509 1641 587 1673 sunt
606 1638 646 1673 ab
663 1638 701 1673 T.
720 1638 865 1673 Otacilio
882 1641 1098 1684 propraetore,

48 1702 187 1735 regnum
207 1690 367 1725 Hieronis
384 1689 489 1725 classe
507 1690 636 1724 Punica
657 1690 792 1732 vastari,
812 1689 866 1725 cui
884 1702 986 1735 quum
1004 1701 1099 1735 opem

47 1740 240 1787 imploranti
255 1740 343 1776 ferre
363 1741 473 1783 vellet,
498 1741 692 1776 nuntiatum
717 1741 781 1777 sibi
801 1753 874 1777 esse
898 1741 995 1776 aliam
1017 1740 1103 1776 clas-
