1298 1921
224 69 284 97 134-
474 68 510 98 Τ.
530 68 648 99 LIVII
674 69 1006 100 HISTORIARUM
1107 111 1143 151 [A
1166 112 1186 136 c
1209 112 1256 137 216

1146 131 1151 136 .
1189 131 1195 136 .
1259 131 1267 137 .
1292 119 1295 134 ι

220 142 292 185 ejus
324 141 416 176 estis.
482 142 562 177 Sero
594 155 683 177 1111110
716 143 922 187 desideratis,
955 143 1117 179 deminuti
1150 146 1295 190 capitem

222 192 398 227 abalienati
426 194 503 237 jure
536 194 668 236 civium,
698 195 785 229 servi
819 196 1145 241 Carthaginiensium
1178 197 1268 231 facti.
1294 218 1295 228 1

172 248 209 277 11
223 244 337 278 Pretio
352 244 491 278 redituri
509 245 589 279 estis
603 257 651 286 eo,
664 245 752 280 unde
766 246 899 291 ignavia
916 259 952 281 ae
970 247 1119 291 nequitia
1133 247 1269 281 abistis?
1294 262 1296 279 l

222 294 261 329 P.
276 295 506 339 Sempronium
525 296 628 330 civem
648 299 795 330 vestrum
813 309 879 331 non
894 297 1032 332 audistis
1050 310 1140 332 arma
1153 310 1269 343 capere

223 358 260 380 ae
278 346 371 391 sequi
389 358 424 380 se
444 346 639 391 jubentem:
666 347 888 382 Hannibalem
914 352 988 393 post
1007 349 1104 394 paulo
1129 349 1269 383 audistis

173 400 210 429 12
222 404 331 431 castra
348 397 445 442 prodi
469 401 503 432 et
521 410 612 432 arma
634 397 720 432 trudi
736 398 919 443 jubentem.
971 400 1075 441 Quam
1094 412 1155 445 ego
1178 400 1268 445 igna-

224 448 306 482 viam
325 448 465 482 istorum
480 460 609 490 accuso,
621 461 722 493 quum
739 449 846 484 scelus
862 450 983 494 possim
998 463 1152 485 accusare
1168 451 1173 485 !
1202 463 1267 485 11011

221 500 307 533 enim
334 499 431 533 modo
457 500 550 545 sequi
574 504 770 534 recusarunt
795 500 878 535 bene
904 505 1103 542 monentem,
1129 501 1187 536 scd
1211 502 1268 536 ol)-

222 550 340 584 sistere
365 563 402 585 ae
427 551 570 585 retinere
596 552 706 585 conati
732 557 821 592 sunt,
848 552 881 586 ni
907 552 1033 586 strictis
1063 552 1179 597 gladiis
1206 553 1269 587 viri

222 601 395 636 fortissimi
431 602 555 636 inertes
593 602 860 637 submovissent:
903 603 1007 647 prius,
1045 603 1189 648 inquam,
1228 604 1266 639 P.
1290 603 1298 992 Ι

1297 1425 1298 1440 l

1297 1447 1298 1458 1

1297 1487 1298 1499 l

223 653 417 698 Sempronio
442 665 501 698 per
529 653 649 688 civium
676 666 795 699 agmen
820 667 918 700 quain
948 667 1006 699 per
1031 654 1175 689 hostium
1203 655 1267 689 suit

172 704 471 746 13‹:1·umpendum.
523 705 597 739 Hos
622 705 710 739 cives
736 706 844 750 patria
868 705 1043 742 desideret.
1067 710 1100 740 et
1126 718 1266 749 quorum

221 755 249 789 si
278 755 390 789 caeteri
417 755 539 790 similes
569 756 721 795 fuissent,
752 757 917 790 neminem
946 756 1043 790 hodie
1073 769 1113 790 ox
1140 757 1179 790 iis
1209 757 1267 802 qui

221 805 263 840 ad
290 806 420 841 Cannas
450 810 682 851 pugnaverunt
710 807 813 841 civem
843 807 1008 842 haberet?
1042 807 1093 842 Ex
1118 807 1264 842 millibus

222 860 347 902 septem
377 861 578 892 armatorum
604 858 751 892 sexcenti
780 858 981 893 exstiterunt
1007 859 1062 903 qui
1092 871 1266 903 erumpere

220 908 391 949 auderent,
417 909 473 954 qui
495 909 529 943 in
551 909 691 954 patriam
716 908 811 944 liberi
836 912 936 954 atque
959 909 1077 943 armati
1098 909 1264 943 redirent:

219 970 326 1004 neque
344 960 383 994 iis
401 963 558 994 sexcenta
575 960 675 994 millia
692 960 837 994 hostium
855 960 1025 994 obstitere.
1075 960 1187 997 Quam
1209 964 1265 994 tu-

220 1013 292 1044 tum
311 1011 376 1045 iter
401 1010 540 1045 duarum
559 1024 662 1056 prope
680 1011 847 1056 legionum
866 1011 1005 1057 agminis
1025 1011 1173 1045 futurum
1193 1023 1266 1046 cen-

220 1062 299 1096 setis
324 1062 445 1097 fuisse?
471 1062 651 1096 Haberetis
672 1062 769 1097 hodie
794 1063 913 1107 viginti
934 1062 1034 1096 millia
1059 1065 1263 1097 armatorum

170 1116 209 1145 Μ
221 1112 356 1147 Canusii
380 1112 481 1147 fortia
504 1113 622 1154 fidelia,
645 1117 756 1158 patres
783 1113 972 1158 conscripti.
1022 1113 1124 1147 Nunc
1150 1116 1263 1147 autem

220 1164 495 1209 quemadmodum
520 1164 554 1198 hi
580 1164 657 1198 boni
682 1164 983 1209 fidelesque-nam
1011 1164 1114 1198 sortes
1137 1176 1177 1198 ne
1202 1164 1267 1210 ipsi

220 1215 351 1260 quidem
370 1215 650 1250 dixerint—cives
672 1228 743 1249 esse
760 1216 927 1260 possunt?
953 1215 1017 1249 nisi
1036 1215 1109 1259 quis
1133 1214 1266 1250 eredere

219 1269 332 1310 potest
350 1266 461 1305 fuisse,
479 1269 517 1300 ut
538 1266 800 1311 erumpentibus
820 1266 900 1312 quin
917 1269 1141 1310 erumperent,
1165 1265 1266 1300 obsis-

220 1320 291 1351 tere
309 1317 419 1352 eonati
437 1320 524 1358 sunt,
536 1320 594 1351 aut
612 1329 678 1351 non
695 1316 842 1351 invidere
860 1329 915 1351 eos
928 1329 1030 1362 quum
1046 1316 1267 1351 incolumitati

220 1371 291 1402 tum
313 1368 426 1414 gloriae
444 1369 573 1403 illorum
592 1381 650 1413 per
663 1368 822 1402 virtutem
840 1371 955 1413 partic,
970 1380 1071 1413 quum
1089 1367 1152 1402 sibi
1169 1368 1266 1402 timo-

219 1432 288 1454 rem
321 1419 552 1465 ignavimnque
577 1419 750 1453 servitutis
784 1418 1008 1463 ignominiosae
1035 1430 1168 1453 causam
1195 1431 1266 1453 esse

219 1470 336 1504 sciant.
386 1470 582 1504 Maluerunt
599 1470 633 1504 111
650 1470 804 1504 tentoriis
822 1469 965 1503 latentes
983 1469 1081 1503 simul
1098 1469 1205 1503 lucem
1219 1472 1266 1502 at-

220 1534 283 1566 que
300 1521 430 1555 hostem
448 1524 655 1566 exspectare,
675 1533 775 1566 quum
797 1520 928 1554 silentio
946 1519 1054 1554 noctis
1072 1519 1265 1564 erumpendi
1297 1547 1298 1551 ,

172 1580 209 1609 15
221 1573 347 1607 occasio
361 1576 456 1607 esset.
508 1572 560 1606 Ad
579 1571 819 1617 erumpendum
834 1584 851 1605 e
865 1571 983 1605 castris
1003 1571 1109 1605 defuit
1124 1571 1263 1612 animus,

221 1623 259 1658 ad
278 1624 419 1658 tutanda
433 1624 564 1658 fortiter
581 1626 691 1658 eastra
707 1624 851 1657 animum
866 1623 1053 1657 habuerunt
1069 1637 1075 1656 :
1103 1621 1171 1655 dies
1190 1633 1264 1655 noc-

221 1682 337 1720 tesque
358 1675 483 1720 aliquot
505 1674 631 1709 obsessi
650 1674 769 1708 vallum
788 1674 897 1715 armis,
922 1685 955 1707 se
978 1672 1041 1716 ipsi
1059 1672 1160 1706 tutati
1179 1671 1263 1705 vallo

222 1729 300 1760 sunt
315 1741 321 1760 :
348 1725 481 1760 tandem
497 1725 612 1759 ultima
626 1725 697 1758 ausi
709 1724 871 1769 passique,
884 1736 983 1768 quum
997 1723 1104 1757 omnia
1119 1721 1263 1757 subsidia

222 1777 299 1812 vitae
323 1776 475 1812 abessent
498 1776 703 1820 adfectisque
727 1775 815 1809 fame
840 1774 965 1809 viribus
990 1786 1080 1808 arma
1097 1775 1168 1818 jain
1193 1784 1261 1806 sus-
