1298 1921
160 41 201 70 90
410 38 444 68 T.
464 37 583 67 LIVII
610 37 945 68 HISTORIARUM
1046 79 1057 113 [
1106 81 1126 105 C
1150 80 1196 104 ⁰17

1059 84 1090 105 A.
1130 97 1163 104 ...
1200 99 1206 105 .

160 111 286 157 aliquot
319 111 528 158 incensisque
556 111 638 146 vicis
667 114 792 157 majore
825 124 924 158 quam
953 124 994 147 ex
1023 113 1208 148 continenti

159 163 270 207 praeda
287 166 382 208 parta
395 176 497 208 quum
515 163 550 198 in
567 175 666 198 naves
679 176 714 198 se
729 164 940 209 recepissent,
954 176 996 198 ex
1012 164 1208 199 Balearibus

159 214 277 249 insulis
303 214 406 260 legati
431 227 546 259 pacem
570 218 723 260 petentes
749 214 790 249 ad
818 215 1004 260 Scipionem
1032 218 1207 250 venerunt.

127 264 144 297 7
160 265 243 300 Inde
276 265 363 300 flexa
390 270 480 300 retro
507 265 621 300 classis
650 265 861 311 reditumque
890 266 924 300 in
949 266 1104 301 citeriora
1132 278 1209 311 pro-

158 316 283 359 vineiae,
311 329 376 362 quo
408 317 557 351 omnium
591 317 796 362 populorum,
824 317 881 362 qui
914 317 1081 352 Hiberum
1114 329 1209 352 acco-

157 367 241 410 lunt,
257 368 437 402 multorum
456 371 489 402 et
506 368 632 403 ultim-ee
650 368 822 413 Hispaniae
839 368 941 414 legati
958 372 1208 403 concurrerunt.

125 425 143 453 8
159 419 223 453 Sed
241 420 298 465 qui
320 432 397 454 vere
420 419 554 454 ditionis
575 419 771 465 imperiique
794 419 937 454 Romani
964 420 1045 454 facti
1067 420 1133 466 sint
1151 420 1223 455 01)-Δ

157 470 284 505 sidibus
310 470 406 513 datis,
433 470 547 516 populi
576 471 716 516 amplius
746 471 883 505 fuerunt
914 475 1046 505 eentum
1076 471 1206 516 viginti.

156 523 270 568 igitur
286 524 502 558 terrestribus
526 535 657 568 quoque
680 523 783 568 copiis
804 523 885 557 satis
912 523 1015 558 fidens
1034 524 1207 558 Romanus

125 580 143 610 9
158 586 263 620 usque
281 574 322 609 ad
345 575 468 609 saltum
488 574 766 609 Castulonensem
791 578 843 609 est
861 586 1069 620 progressus.
1120 576 1208 609 Has-

157 625 274 660 drubal
291 626 325 660 in
342 625 553 660 Lusitaniam
571 637 609 660 ac
626 626 762 670 propius
781 625 952 660 Oceanum
970 625 1144 660 concessit.

64 677 143 719 (21)
204 677 366 715 Quietum
384 677 460 712 inde
484 677 555 711 fore
579 676 755 711 videbatur
779 677 944 723 reliquum
970 677 1098 711 aestatis
1123 679 1208 711 tem-

157 741 229 774 pus,
248 728 434 774 fuissetque
459 741 518 773 per
541 728 682 763 Poeuum
711 728 865 762 hostem:
898 728 957 762 sed
986 732 1208 773 praeterquam

157 779 246 825 quod
268 779 415 825 ipsorum
438 780 668 824 Hispanorum
693 779 842 824 inquieta
867 779 1028 825 avidaque
1049 779 1083 813 in
1105 791 1207 813 novas

157 843 210 865 res
243 833 323 866 sunt
356 831 497 875 ingenia,
525 830 729 865 Mandonius
763 830 1000 875 Indebilisque‚
1026 831 1083 876 qui
1108 833 1208 864 antea

156 882 342 928 Ilergetum
367 882 503 928 regulus
532 882 652 923 fuerat,
680 884 857 927 postquam
885 882 1026 916 Romani
1051 885 1092 916 ab
1117 882 1208 916 saltu

155 947 323 970 recessere
349 935 390 969 ad
415 935 613 969 maritimam
640 946 742 975 oram,
767 934 906 969 concitis
931 934 1148 980 popularibus
1173 934 1209 969 in

157 999 274 1032 agrum
298 990 455 1031 pacatum
477 986 642 1020 sociorum
666 986 893 1020 Romanorum
916 985 957 1020 ad
979 986 1207 1031 populandum

125 1046 142 1074 2
157 1041 331 1073 venerunt.
380 1038 552 1072 Adversus
576 1049 633 1071 eos
658 1037 815 1071 tribunus
838 1037 982 1071 militum
1008 1049 1082 1072 eum
1107 1049 1208 1082 expe-

156 1089 235 1124 ditis
261 1089 392 1124 auxiliis
415 1101 434 1123 a
460 1088 614 1134 Scipione
636 1088 729 1122 missi
747 1088 810 1122 levi
827 1088 1006 1123 certamine
1023 1091 1062 1123 ut
1084 1088 1209 1123 tumul-

156 1140 299 1175 tuariam
316 1153 449 1174 manum
475 1139 591 1174 fudere
605 1152 718 1173 omnes
736 1139 852 1174 occisis
871 1139 1067 1184 quibusdam
1085 1139 1208 1184 captis-

124 1199 142 1227 3
158 1203 221 1238 que
239 1204 425 1237 magnaque
439 1196 534 1237 parte
548 1191 648 1225 armis
660 1194 773 1225 exuta.
824 1191 892 1225 Hie
910 1194 1021 1225 tamen
1039 1191 1208 1225 tumultus

157 1243 329 1278 cedentem
345 1243 385 1278 ad
401 1244 572 1277 Oceanum
591 1241 837 1277 Hasdrubalem
852 1242 898 1276 eis
917 1242 1083 1276 Hiberum
1101 1242 1141 1276 ad
1156 1255 1208 1277 so-

124 1295 221 1330 4cios
240 1294 398 1330 tutandos
417 1294 570 1329 retraxit.
606 1294 726 1328 Castra
743 1293 869 1328 Punica
887 1293 918 1327 in
941 1304 1020 1339 agro
1038 1293 1208 1339 Ilergavo-

156 1347 319 1388 nensium,
332 1349 442 1381 castra
460 1346 613 1380 Romana
631 1344 670 1379 ad
689 1345 821 1379 Novam
839 1345 975 1379 classem
989 1348 1093 1388 erant⁷
1105 1358 1208 1390 quum

126 1397 244 1434 5fama
269 1409 388 1443 repens
415 1397 478 1431 alio
508 1397 630 1431 avertit
658 1395 790 1430 bellum.
841 1395 1012 1435 Celtiberi,
1037 1396 1094 1441 qui
1118 1396 1208 1441 prin-

156 1449 246 1493 cipes
264 1449 408 1494 regionis
427 1460 495 1482 suae
513 1448 640 1493 legatos
659 1447 817 1481 miserant
835 1446 1033 1492 obsidesque
1047 1446 1207 1482 dederant

157 1500 329 1543 Romanis,
347 1500 466 1534 nuntio
490 1499 590 1533 misso
612 1511 630 1532 a
654 1498 807 1543 Scipione
830 1498 931 1532 exciti
954 1510 1045 1532 arma
1070 1499 1207 1543 capiunt

156 1551 425 1596 provinciamque
453 1550 780 1595 Carthaginiensium
806 1549 914 1584 valido
939 1549 1090 1584 exercitu
1116 1550 1207 1584 inva-

125 1608 142 1635 6
157 1602 250 1645 dunt,
268 1602 334 1636 tria
354 1601 476 1647 oppida
499 1602 531 1636 vi
556 1603 763 1646 expugnant.
813 1600 897 1635 Inde
922 1612 998 1635 cum
1022 1600 1094 1646 ipso
1118 1601 1207 1635 Has-

156 1653 293 1688 drubale
318 1652 447 1688 duobus
473 1652 598 1697 proeliis
624 1651 757 1697 egregie
782 1655 935 1697 pugnant
957 1663 994 1686 ae
1019 1651 1206 1697 quindecim

155 1705 257 1740 millia
282 1705 428 1739 hostium
456 1703 659 1745 occiderunt,
679 1705 838 1749 quattuor
864 1702 965 1738 millia
991 1715 1067 1738 euin
1093 1703 1206 1738 multis

155 1756 354 1792 militaribus
372 1755 476 1801 signis
494 1755 642 1801 capiunt.
