1298 1921
185 37 226 66 56
439 36 473 66 T.
501 35 618 66 Livii
645 36 977 66 HISTORIARUM
1070 78 1106 111 [A
1131 80 1150 103 C
1190 80 1220 104 H

1111 99 1116 103 .
1153 79 1186 103 ,2
1207 96 1229 104 r.

185 108 288 154 signa,
316 109 420 144 levem
448 117 659 151 armaturam,
688 113 763 145 octo
791 110 894 144 serme
921 110 1024 145 millia
1049 111 1231 154 huminum,

185 159 261 194 dein
277 161 462 206 graviorem
480 162 578 195 armis
596 161 751 207 peditem,
767 161 855 207 quod
870 162 986 196 virium
1002 163 1089 208 quod
1106 163 1233 198 roboris

155 216 266 247 3erat.
315 211 358 246 In
380 212 533 247 cornibus
559 212 774 248 circumfudit
801 213 915 247 decem
943 213 1044 248 millia
1069 214 1231 259 equitum,

184 264 219 297 et
241 262 281 297 ab
305 263 459 298 cornibus
482 264 516 298 in
538 267 715 309 utramque
740 268 869 309 partein
892 264 1015 299 divisos
1039 265 1232 310 elephantos

156 314 315 349 4statuit.
366 314 491 349 Consul
523 316 646 350 effusos
676 320 855 360 sequentes
890 316 1029 361 equites,
1061 329 1162 361 quum
1191 316 1232 351 ab

183 364 417 400 resistentibus
442 366 553 400 subito
577 366 734 401 Numidis
760 366 886 400 incauti
904 367 1148 412 exciperentur,
1168 367 1232 413 sig-

182 427 226 450 no
244 417 392 461 receptui
410 416 488 451 dato
505 421 677 452 revocatos
704 417 921 452 circumdedit
940 418 1126 463 peditibus:
1153 418 1233 452 duo-

183 466 346 512 deviginti
371 468 472 502 millia
497 469 641 503 Romani
665 471 771 508 erant,
799 468 924 503 socium
950 469 1092 503 nominis
1117 469 1232 504 Latini

182 519 311 564 viginti,
342 520 464 555 auxilia
496 525 616 566 praeter
646 534 685 555 ea
714 521 1002 556 Cenomanorum:
1030 534 1069 556 ea
1096 522 1166 556 sola
1198 522 1233 556 111

152 570 245 604 5fide
271 576 437 605 manserat
459 572 585 607 Gallica
606 585 698 618 gens.
748 572 797 606 Iis
821 572 924 617 copiis
948 584 1145 607 concursum
1169 577 1230 607 est.

181 621 341 656 Proelium
359 634 378 656 a
394 622 588 658 Balearibus
607 627 716 657 ortum
735 626 806 657 est:
836 623 956 668 quibus
980 636 1080 668 quum
1106 625 1232 669 majore

180 672 299 707 robore
316 673 462 717 legiones
487 674 698 715 obsisterent,
719 674 871 709 deductae
896 687 1035 720 propere
1057 675 1090 708 111
1108 687 1232 710 cornua

180 723 270 758 leves
293 730 470 759 armaturae
494 729 582 767 sunt,
608 739 680 771 quae
704 738 756 760 res
782 726 881 761 efficit
908 729 945 760 ut
969 726 1138 771 equitatus
1163 727 1232 761 Ro-

180 787 298 809 manus
317 776 485 821 extemplo
508 781 707 822 urgeretur:
734 789 810 811 nam
834 790 935 822 quum
954 777 1007 811 vix
1020 780 1088 822 jam
1114 790 1173 822 per
1195 790 1231 812 50

179 826 375 861 resisterent
402 827 514 862 (1000111
540 828 685 862 millibus
709 828 859 873 equitum
886 832 1046 873 quattuor
1072 829 1173 863 millia
1196 832 1230 864 et

180 877 260 912 sessi
277 878 416 924 integris
435 879 609 924 plerisque,
627 879 739 914 obruti
765 883 844 914 sunt
869 879 1006 925 insuper
1029 879 1120 914 velut
1142 881 1231 915 nube

175 928 364 973 jaculorum
396 942 416 964 a
447 930 642 965 Balearibus
682 931 852 975 conjectu:
895 931 936 965 ad
969 931 1031 966 hoc
1063 931 1231 976 elephanti

179 980 362 1015 eminentes
380 980 420 1015 ab
435 982 592 1016 extremis
613 981 778 1022 cornibus,
798 981 892 1026 equis
911 982 1050 1016 maxime
1073 994 1140 1016 11011
1157 983 1231 1017 visu

178 1030 277 1066 modo
302 1031 360 1066 sed
383 1031 483 1067 odore
507 1032 641 1067 insolito
664 1033 802 1074 terrim,
830 1032 942 1078 fugam
964 1033 1030 1067 late
1054 1033 1230 1068 faciebant.

150 1082 351 1117 6Pedestris
377 1096 490 1129 pugna
515 1096 576 1128 par
600 1084 717 1118 animis
742 1084 847 1129 magis
873 1097 978 1132 quam
997 1084 1122 1119 viribus
1148 1089 1230 1127 erat,

179 1146 260 1179 quas
294 1138 445 1169 recentes
477 1135 602 1170 Poenus
636 1135 733 1181 paulo
766 1140 843 1169 ante
877 1135 1001 1170 curatis
1035 1136 1229 1180 corporibus

177 1184 213 1218 in
237 1185 389 1230 proelium
417 1185 608 1220 adtulerat:
635 1189 751 1221 contra
771 1186 886 1231 jejuna
911 1187 1062 1232 fessaque
1092 1199 1231 1231 corpora

149 1235 339 1271 7R01nanis
365 1239 398 1271 et
423 1237 568 1283 rigentia
591 1237 669 1283 gelu
693 1237 882 1282 torpebant.
931 1238 1153 1273 Restitissent
1181 1242 1229 1272 ta-

177 1299 253 1321 men
271 1288 399 1330 animis,
420 1289 445 1322 si
469 1301 542 1323 011111
562 1289 673 1334 pedite
699 1289 805 1323 solum
829 1289 915 1324 soret
939 1294 1146 1335 pugnatum:
1172 1289 1230 1324 scd

176 1341 210 1373 et
235 1339 391 1374 Baleares
417 1340 512 1385 pulso
536 1340 648 1386 equite
666 1340 903 1384 jaculabantur
928 1340 961 1374 in
986 1341 1091 1375 latera
1113 1344 1147 1375 et
1168 1341 1230 1376 ele-

175 1389 374 1435 phantijarn
392 1391 426 1425 in
450 1391 590 1426 inediam
615 1391 764 1437 peditum
789 1392 892 1426 aciem
916 1404 988 1426 sese
1012 1392 1170 1433 tulerant,
1195 1396 1229 1426 et

174 1441 279 1486 Mago
319 1442 551 1488 Numidaeque,
587 1443 687 1477 simul
719 1442 863 1477 latebras
897 1455 1011 1477 eorum
1044 1443 1230 1488 improvida

174 1491 364 1536 praeterlata
382 1493 468 1528 acies
486 1497 547 1536 est,
561 1493 669 1528 exorti
687 1493 727 1528 ab
742 1497 837 1539 tergo
856 1494 1026 1540 ingentem
1045 1494 1228 1528 tumultuin

144 1549 211 1578 See
229 1546 389 1577 terrorem
404 1545 521 1579 secere.
562 1545 689 1579 Tamen
706 1545 740 1579 in
753 1548 806 1579 tot
823 1545 1117 1580 circumstantibus
1133 1545 1228 1580 malis

173 1594 296 1628 mansit
322 1595 526 1640 aliquamdiu
550 1595 688 1630 immota
709 1596 805 1638 acies,
825 1596 969 1630 maxime
993 1600 1114 1642 praeter
1135 1609 1227 1641 spem

173 1645 319 1679 omnium
346 1646 505 1681 adversus
531 1647 748 1692 elephantos:
775 1660 831 1682 eos
855 1648 972 1681 velites
996 1647 1037 1682 ad
1060 1647 1093 1682 id
1118 1648 1224 1692 ipsum

172 1695 270 1730 locati
290 1698 433 1732 verrutis
452 1698 611 1743 conjectis
629 1702 663 1733 et
686 1701 834 1733 avertere
853 1703 886 1733 et
904 1699 1073 1743 insequuti
1092 1711 1226 1733 aversos

170 1747 234 1782 sub
258 1748 383 1790 caudis,
406 1761 472 1794 qua
496 1749 638 1783 maxime
663 1749 752 1783 molli
778 1753 855 1784 cute
880 1750 1018 1784 vulnera
1042 1749 1224 1794 accipiunt,
