1262 1921
438 51 716 82 ARGUMENTA.
1031 59 1072 89 vii

88 131 228 160 Romano
248 132 401 168 peterent,
425 139 480 159 nec
501 131 603 159 tenuit
629 131 830 168 obstrepente
850 130 984 160 Barcina
1011 131 1072 160 fac-

87 170 179 199 tione.
220 169 367 199 Claudius
387 169 551 198 Marcellus
571 173 685 207 praetor
708 170 749 199 ad
770 169 883 199 Nolam
910 170 1074 207 eruptione

87 208 234 237 adversus
249 208 457 237 Hannibalern
473 218 511 237 ex
525 209 641 246 oppido
650 209 732 238 facta
746 218 894 246 prospere
907 209 1071 246 pugnavit.

88 247 257 277 Casilinum
274 257 293 276 a
311 247 414 276 Poenis
435 247 593 276 obsessum
614 248 659 276 ita
679 248 760 276 fame
781 250 929 276 vexatum
955 250 1014 283 est,
1038 249 1075 276 ut

87 286 152 315 lora
165 289 198 315 et
212 286 309 323 pelles
324 287 420 315 scutis
436 286 595 315 detractas
608 286 684 315 item
703 296 806 315 mures
827 286 936 315 inclusi
951 289 1053 315 essent
1067 298 1075 316 ε

87 325 216 354 nucibus
236 334 292 362 per
312 325 503 354 Vulturnum
523 335 647 355 amnem
669 334 687 354 a
708 325 856 354 Romanis
874 325 976 354 missis
989 325 1073 354 vixe-

86 367 169 393 runt.
220 363 352 393 Senatus
379 374 417 392 ex
445 365 582 401 equestri
609 364 717 393 ordine
744 364 920 392 hominibus
947 367 1073 393 centum

86 403 257 439 nonaginta
270 406 390 440 septem
405 403 567 440 suppletus
581 406 640 432 est.
682 403 717 432 L.
734 403 912 431 Postumius
928 406 1042 440 praetor
1055 413 1072 431 a

86 441 184 471 Gallis
205 451 275 470 cum
299 442 437 470 exercitu
458 452 552 471 caesus
579 445 636 471 est.
678 442 734 471 Cn.
752 445 784 470 et
806 441 840 470 P.
858 441 1017 479 Scipiones
1041 442 1074 470 in

88 480 242 518 Hispania
263 480 492 510 Hasdrubalem
513 482 652 510 vicerunt
667 483 699 509 et
720 480 907 517 Hispaniam
928 490 1017 509 suam
1032 480 1073 508 fe-

86 522 205 549 cerunt.
250 520 396 557 Reliquiae
418 519 588 549 Cannensis
609 520 764 548 exercitus
786 520 817 548 in
839 519 974 548 Siciliam
998 519 1074 547 rele-

85 561 166 595 gatae
188 561 269 594 sunt,
297 568 335 587 ne
358 558 544 587 decederent
569 558 641 587 inde
662 559 721 587 nisi
743 558 830 587 finito
853 558 943 587 bello.
986 557 1074 586 Inter

87 597 267 635 Philippum
294 597 481 626 Maeedoniae
514 606 619 634 regem
647 600 680 626 et
707 597 916 626 Hannibalem
943 597 1076 626 societas

82 636 193 674 juncta
205 640 262 665 est.
305 636 504 673 Sempronius
526 636 684 666 Gracchus
704 636 810 664 consul
832 636 1007 673 Campanos
1027 644 1075 664 ce-

86 675 172 704 cidit.
217 675 363 704 Claudius
378 675 542 704 Marcellus
561 677 676 712 prcetor
696 675 882 704 Hannibalis
903 674 1075 703 exercitum

86 714 126 744 ad
142 713 254 743 Nolam
275 714 383 751 proelio
403 714 485 743 fudit
506 718 538 743 et
558 715 641 749 vicit,
665 714 846 751 primusque
865 716 915 742 tot
934 713 1076 742 cladibus

86 753 173 782 fessis
188 753 336 781 Romanis
350 753 509 782 meliorem
524 763 611 790 spem
630 753 703 782 belli
722 752 819 782 dedit.
862 752 980 781 Praeter
994 761 1030 780 ea
1043 752 1076 780 in

86 792 229 821 Sardinia
249 792 380 821 feliciter
406 802 425 821 a
448 792 484 822 T.
502 792 618 821 Manlio
641 794 773 830 praetore
794 791 942 820 adversus
965 790 1077 820 Poenos

87 831 262 868 Sardosque
276 841 324 860 res
345 834 450 868 gestas
469 831 625 860 continet:
648 841 667 860 a
687 840 748 867 quo
769 830 950 859 Hasdrubal
965 829 1029 858 dux
1043 832 1077 858 et

86 870 180 907 Mago
194 874 226 899 et
238 870 351 899 Hanno
365 871 460 907 capti.
503 870 666 899 Exercitus
678 869 864 898 Hannibalis
878 878 934 906 per
947 868 1078 898 hiberna

87 909 199 947 Capuae
219 909 265 938 ita
284 909 458 939 luxiuiatus
478 912 537 946 est,
560 913 596 938 ut
616 909 754 947 corporis
778 908 935 946 animique
956 907 1076 936 viribus

87 951 297 978 enervaretur.

457 1030 537 1060 LIB.
566 1030 689 1060 XXIV.

126 1095 358 1125 HIERONYMUS
386 1096 651 1133 Syracusanorum
678 1105 743 1129 rex,
764 1094 851 1132 cujus
878 1104 953 1124 avus
981 1093 1078 1122 Hiero

85 1136 204 1164 amicus
218 1136 325 1172 populi
341 1135 472 1164 Romani
487 1136 597 1170 fuerat,
609 1135 649 1164 ad
665 1135 937 1171 Carthaginienses
951 1133 1076 1167 defecit,

88 1177 121 1202 et
141 1177 271 1211 propter
291 1174 509 1203 crudelitatem
529 1174 769 1211 superbiamque
783 1183 801 1202 a
821 1173 883 1202 suis
896 1172 1080 1201 interfectus

87 1216 146 1241 est.
187 1213 253 1242 Tib.
271 1213 471 1250 Sempronius
492 1213 652 1242 Gracchus
672 1212 838 1250 proconsul
857 1220 1006 1249 prospere
1024 1210 1078 1239 ad-

89 1261 194 1280 versus
209 1252 319 1281 Poenos
333 1255 366 1281 et
380 1252 568 1281 Hannonem
583 1252 694 1280 ducem
713 1251 754 1280 ad
774 1251 986 1279 Beneventum
1001 1258 1078 1287 pug-

88 1291 174 1319 navit
195 1300 353 1320 servorum
373 1291 510 1320 maxime
530 1300 634 1328 opera,
659 1300 737 1328 quos
756 1290 869 1318 liberos
889 1298 956 1318 esse
972 1288 1077 1326 jussu..

87 1329 236 1359 Claudius
256 1329 421 1359 Marcellus
442 1330 548 1358 consul
569 1330 600 1358 in
621 1330 736 1366 Sicilia,
754 1338 821 1366 quae
841 1337 939 1365 prope
956 1330 1024 1356 tota
1038 1326 1079 1355 ad

86 1368 198 1397 Poenos
218 1368 385 1404 defecerat,
404 1369 574 1405 Syracusas
592 1368 724 1397 obsedit.
768 1367 914 1405 Philippo
935 1365 1079 1395 Macedo-

87 1416 162 1437 num
184 1408 250 1445 regi
270 1408 386 1436 bellum
406 1408 559 1437 indictum
580 1410 637 1441 est,
657 1408 711 1445 qui
731 1406 772 1435 ad
791 1405 989 1444 Apolloniam
1007 1413 1079 1433 noc-

87 1448 182 1474 turno
202 1447 310 1484 proelio
327 1456 496 1484 oppressus
515 1446 703 1484 fugatusque
721 1446 753 1474 in
771 1444 988 1474 Macedoniam
1008 1452 1079 1472 cum

87 1494 186 1522 prope
200 1485 311 1514 inermi
333 1486 472 1514 exercitu
491 1486 645 1523 perfugit:
667 1485 708 1514 ad
725 1484 758 1513 id
778 1484 893 1513 bellum
907 1482 1078 1521 gerendum

87 1523 233 1552 Valerius
254 1526 368 1561 praetor
381 1525 493 1553 missus
514 1527 570 1553 est.
611 1524 673 1553 Res
694 1525 846 1561 praeterea
866 1523 900 1551 in
923 1521 1080 1558 Hispania

87 1572 105 1591 a
121 1562 155 1591 P.
174 1565 207 1591 et
227 1563 286 1592 Cn.
303 1563 499 1600 Scipionibus
520 1563 667 1592 adversus
687 1561 961 1599 Carthaginienses
974 1563 1080 1597 gestas

89 1601 240 1631 continet.
284 1601 412 1639 Syphax
427 1611 482 1630 rex
497 1601 652 1630 Numidiae
670 1602 702 1630 in
722 1601 891 1630 amicitiam
906 1599 1030 1634 ascitus,
1047 1605 1081 1626 et

89 1649 108 1668 a
124 1639 288 1669 Masinissa
302 1650 375 1678 rege
390 1640 597 1669 Maesuliorum
609 1650 667 1678 pro
683 1638 990 1677 Carthaginiensibus
1002 1646 1079 1674 pug-

89 1681 187 1707 nante
211 1679 312 1708 victus
335 1680 368 1708 iu
395 1679 571 1708 Maurusios
594 1680 665 1708 cum
691 1688 807 1716 magna
834 1687 929 1707 manu
957 1676 1077 1705 transiit

92 1724 200 1750 contra
226 1720 340 1756 Gades,
370 1720 423 1749 ubi
450 1723 584 1758 angusto
618 1720 696 1749 freto
724 1720 830 1748 Africa
857 1723 889 1747 et
923 1717 1074 1754 Hispania

92 1759 288 1788 dirimuntur,
333 1759 479 1788 Celtiberi
494 1768 615 1797 quoque
629 1759 660 1787 in
675 1759 844 1787 amicitiam
859 1757 977 1794 recepti
992 1760 1074 1789 sunt,

92 1808 222 1834 quorum
243 1798 366 1827 auxiliis
392 1799 496 1827 ascitis
524 1801 599 1826 tunc
622 1798 758 1835 primum
779 1796 1001 1825 mercenarium
1022 1794 1077 1822 mi-

92 1837 178 1865 litem
194 1837 333 1866 Romana
348 1840 451 1866 castra
465 1837 651 1865 habuerunt.
