1298 1921
202 39 262 72 176
465 40 503 70 Τ.
527 40 645 70 L1V11
671 40 1005 72 HISTORIARUM
1089 84 1126 113 [A
1153 84 1173 107 c
1196 83 1242 108 215
1267 54 1272 59 ·

201 114 367 149 Otacilius
394 113 536 149 Crassus
561 115 688 151 aedibus
714 115 915 160 dedicandis,
940 115 1052 151 Menti
1077 116 1253 160 Otacilius,

151 165 325 202 lOFabius
358 165 484 200 Veneri
516 166 679 212 Erycinae.
735 168 889 213 Utraque
922 167 956 202 in
990 167 1156 212 Capitolio
1189 173 1274 211 est,

200 216 306 251 canali
331 228 398 251 uno
423 216 586 252 discretae.
636 218 681 252 Et
707 218 747 252 de
773 219 932 253 trecentis
958 218 1127 263 equitibus
1154 218 1252 253 Cam-

200 267 305 312 panis,
318 268 375 313 qui
392 268 427 302 in
446 268 558 303 Sicilia
575 281 650 303 cum
668 269 732 304 fide
751 269 926 314 stipendiis
945 270 1092 304 emeritis
1110 270 1251 304 Romam
1272 267 1273 282 ³

199 322 370 360 venerant,
399 319 505 354 latum
527 319 568 354 ad
593 321 753 366 populum
777 326 814 355 ut
839 321 926 356 cives
957 321 1101 355 Romani
1127 325 1252 362 essent,
1272 313 1275 320 ’

199 370 282 404 item
301 371 352 405 uti
369 371 553 416 municipes
572 371 713 406 Cumani
732 376 854 413 essent,
870 372 974 415 pridie
992 384 1090 417 quam
1108 372 1251 417 populus

150 426 184 455 ll
201 422 387 466 Campanus
402 434 421 455 a
438 422 563 466 populo
581 423 733 457 Romano
752 422 939 457 defecisset.
974 423 1121 457 Maxime
1136 427 1173 457 ut
1186 424 1251 458 hoe

199 472 344 507 serretur
360 477 519 516 moverat,
546 473 646 518 quod,
671 486 812 519 quorum
834 474 1004 508 hominum
1027 480 1149 517 essent,
1167 475 1251 509 seire

199 536 234 558 se
252 524 316 568 ipsi
341 524 509 570 negabant
533 529 646 559 vetere
669 525 777 570 patria
802 526 929 568 relicta,
946 525 982 559 in
1000 537 1081 567 eam,
1100 525 1134 559 in
1152 538 1250 571 quam

149 574 377 618 mredierant,
410 575 558 610 nondum
591 575 720 611 adsciti.
771 577 955 622 Postquam
988 576 1169 611 Marcellus
1204 576 1244 611 ab

198 627 349 661 exercitu
366 626 463 668 redit,
482 627 616 661 comitia
633 627 760 662 consuli
778 628 836 662 uni
861 627 1008 673 rogando
1031 627 1066 661 in
1082 627 1190 662 locum
1208 628 1248 662 L.

148 683 184 712 13
199 677 365 712 Postumii
390 677 579 713 edicuntur.
630 678 773 713 Creatur
805 679 935 725 ingenti
964 691 1129 714 consensu
1158 679 1251 713 Mar-

147 728 300 764 Moenus
326 728 382 774 qui
408 729 576 774 extemplo
609 730 845 775 magistratum
877 730 1054 775 occiperet.
1105 730 1169 764 Cuj
1201 730 1251 764 in-

197 780 292 814 eunti
316 780 527 815 consulatum
550 793 651 826 quum
677 782 854 824 tonuisset,
874 782 983 816 vocati
1006 793 1150 827 augures
1168 781 1250 816 vitio
1274 803 1275 810 κ

197 835 348 866 creatum
374 831 479 866 videri
512 833 824 878 pronuntiaverunt,
858 833 1025 879 vulgoque
1059 836 1169 878 patres
1202 833 1250 868 ita

196 882 285 917 sarna
305 883 466 926 ferebant,
489 883 578 929 quod
600 890 673 918 tum
696 885 839 930 primum
865 884 930 919 duo
948 884 1070 930 plebeii
1095 884 1249 919 consules

146 940 183 970 15
196 934 279 968 facti
303 939 426 976 essent,
453 935 486 969 id
513 935 582 970 deis
608 935 699 970 cordi
724 948 791 970 non
816 948 898 971 esse.
949 936 991 970 In
1015 935 1123 970 locum
1158 936 1249 970 Mar·
1276 979 1277 982 Ἴ

196 985 279 1028 celli,
298 985 356 1021 ubi
373 986 401 1021 is
419 998 454 1021 se
472 987 674 1033 magistratu
693 987 870 1029 abdicavit,
886 988 1048 1022 suffectus
1069 988 1106 1029 Q.
1126 986 1249 1022 Fabius
1276 1004 1277 1011 1

145 1043 184 1074 16
196 1037 370 1072 Maximus
394 1038 544 1073 tertium.
594 1038 692 1073 Mare
713 1039 794 1073 arsit
818 1051 857 1073 eo
875 1050 972 1081 anno,
990 1038 1032 1072 ad
1057 1038 1247 1073 Sinuessam

195 1087 255 1123 bos
273 1089 424 1123 eculeum
443 1089 582 1135 peperit,
601 1090 698 1135 signa
714 1090 860 1125 Lanuvii
878 1090 918 1125 ad
944 1090 1087 1124 Junonis
1107 1090 1249 1135 Sospitae
1276 1090 1278 1122 Ξ

195 1152 313 1176 cruore
338 1153 515 1176 manavere
540 1141 771 1187 lapidibusque
797 1142 884 1177 circa
908 1141 942 1176 id
964 1146 1113 1187 tempum
1137 1141 1247 1186 pluit:

195 1191 237 1226 ob
264 1204 363 1237 quem
383 1192 522 1227 imbrem
546 1192 762 1235 novemdiale,
787 1197 826 1228 ut
851 1193 989 1236 adsolet,
1013 1205 1144 1227 sacrum
1172 1192 1248 1236 fuit,
1278 1205 1279 1242 {

197 1246 385 1289 caeteraque
403 1243 556 1289 prodigia
574 1256 649 1279 cum
667 1256 747 1279 cura
764 1244 906 1290 expiata.

104 1298 188 1342 (32)
246 1294 408 1329 Consules
434 1295 602 1330 exercitus
627 1295 716 1330 inter
740 1308 811 1330 sese
835 1295 1040 1330 diviserunt:
1067 1294 1171 1329 Fabio
1192 1307 1249 1329 ex-
1278 1306 1279 1312 ¹

197 1346 322 1381 ercitus
340 1346 452 1389 Teani,
471 1347 525 1381 cui
542 1347 591 1381 M.
610 1347 632 1381 J
635 1346 733 1381 unius
759 1346 903 1382 dictator
919 1347 1109 1392 praefuerat,
1127 1346 1248 1390 evenit,
1278 1350 1281 1374 ἰ

122 1413 133 1426 u
195 1397 244 1432 ita
260 1401 297 1432 ut
317 1397 513 1443 Sempronio
531 1398 656 1433 tirones
674 1398 876 1443 volonesque
894 1398 1012 1433 fierent
1030 1401 1063 1432 et
1081 1397 1247 1432 sociorum
1276 1432 1279 1440 ,

164 1450 315 1495 2viginti
348 1451 495 1496 quinque
528 1450 641 1485 millia.
694 1451 743 1485 M.
763 1451 898 1485 Valerio
930 1450 1066 1496 praetori
1099 1449 1246 1495 legiones
1286 1469 1288 1477 ι

194 1514 268 1547 quae
300 1514 342 1536 ex
376 1501 487 1536 Sicilia
519 1501 684 1536 redissent
717 1501 881 1536 decretae:
923 1502 973 1536 M.
994 1500 1153 1536 Claudius
1186 1513 1246 1546 pro

193 1552 330 1587 consule
348 1552 389 1587 ad
407 1565 483 1587 eum
501 1553 698 1594 exercitum,
719 1553 777 1598 qui
803 1565 904 1598 supra
932 1552 1122 1587 Suessulam
1149 1552 1246 1587 Nolae

164 1612 182 1640 3
195 1603 400 1648 praesideret,
419 1604 551 1638 missus.
600 1604 767 1638 Praetores
785 1604 820 1638 in
838 1604 983 1639 Siciliam
1004 1616 1041 1638 ae
1061 1603 1246 1637 Sardiniam

162 1655 345 1700 4profecti.
414 1655 576 1690 Consules
610 1655 800 1697 edixerunt,
835 1656 989 1701 quotiens
1023 1655 1057 1690 in
1090 1660 1242 1689 senatum

193 1707 379 1749 vocassent,
411 1707 464 1741 uti
496 1709 668 1741 senatores
702 1707 892 1753 quibusque
925 1707 959 1742 in
988 1709 1107 1742 senatu
1136 1705 1244 1740 dicere
1286 1750 1287 1754 Ἰ

192 1757 393 1793 sententiam
425 1757 541 1792 liceret
574 1757 616 1792 ad
645 1762 777 1803 portam
807 1758 976 1803 Capenam
1005 1757 1242 1793 convenirent:
