1298 1921
182 4 244 33 114
422 3 460 33 T.
484 2 603 33 L1V11
629 2 960 34 HISTORIARUM
1067 47 1102 77 [Α
1127 47 1146 71 c
1169 46 1216 71 216
1271 0 1283 37 ll

1107 66 1111 71 .
1149 65 1154 70 .
1216 66 1224 72 .
1274 73 1275 89 χ

180 79 277 112 extra
292 78 499 112 munimenta
515 77 642 112 caeteris
656 77 757 123 jussis
775 78 846 123 ipse
863 90 939 113 cum
957 77 1089 114 duobus
1107 80 1227 125 equiti-
1274 98 1276 123 ;

182 127 243 163 bus
276 128 397 163 vallum
430 128 578 169 intravit,
611 130 867 174 speculatusque
897 130 1007 164 omnia
1040 142 1114 165 cum
1148 143 1228 165 cura

180 180 351 214 renuntiat
368 179 502 214 insidias
521 179 672 224 profecto
690 192 781 215 esse:
807 180 901 226 ignes
928 181 962 215 in
985 184 1079 226 parte
1102 186 1227 216 castro·
1276 187 1277 227 ξ

180 242 264 272 rum,
300 243 365 276 qua
402 233 541 276 vergant
579 232 620 265 ad
659 231 799 273 hostem,
834 232 978 273 relictos,
1013 232 1227 268 tabernacula
1276 235 1277 239 ’

180 285 296 326 aperta
324 286 358 316 et
390 282 499 316 onmia
531 294 606 316 cara
637 283 672 317 in
705 286 861 327 promptu
894 282 1018 324 relicta,
1050 288 1226 329 argeutum
1278 301 1279 323 1

180 332 377 378 quibusdam
394 333 474 368 locis
492 336 617 368 temere
641 346 697 379 per
720 334 789 368 vias
813 333 864 368 vel
888 333 1055 379 objectum
1081 335 1121 369 ad
1144 348 1225 380 prae·
1278 326 1298 342 ”

147 386 166 415 5
180 383 254 418 dam
273 383 404 419 vidisse.
455 385 536 426 Quae
553 385 593 418 ad
611 384 826 419 deterrendos
850 397 869 418 a
891 385 1075 429 cupiditate
1099 387 1224 421 animos

178 435 333 470 nuntiata
350 438 455 477 erant,
474 448 513 470 ea
529 435 762 479 accenderunt,
780 438 813 470 et
837 435 980 471 clamore
1004 440 1076 471 orto
1100 449 1119 471 a
1140 438 1226 472 mili-

177 485 279 528 tibus,
302 486 337 521 ni
362 486 494 532 signum
519 486 627 530 detur,
650 487 720 521 sine
746 486 886 521 ducibus
912 486 1029 528 ituros,
1055 487 1226 533 haudqua-

179 549 278 582 quam
305 537 373 572 dux
402 537 519 580 defuit,
547 550 623 572 nam
649 537 816 583 extemplo
842 537 951 572 Varro
976 537 1109 583 signum
1134 539 1224 573 dedit

147 589 418 634 6proficiscendi.
468 589 603 632 Paulus,
634 602 735 636 quum
763 590 793 624 ei
821 602 882 624 sua
908 593 1026 635 sponte
1053 591 1225 626 cunctanti

179 640 260 685 pulli
285 653 417 686 quoque
442 641 588 686 auspicio
613 653 679 676 non
702 641 917 682 addixissent,
944 640 1135 676 obnuntiari
1156 643 1225 688 jam

146 694 165 728 7
179 691 330 727 efferenti
353 695 449 738 porta
473 692 568 738 signa
590 693 724 737 collegae
743 692 857 737 jussit.
908 692 1003 734 Quod
1027 705 1224 738 quamquain

182 743 288 778 Varro
314 755 401 789 aegre
430 746 482 778 est
509 756 637 789 passus,
666 743 818 778 Flaminii
848 746 960 778 tamen
987 756 1100 778 recens
1127 756 1224 779 casus

181 793 377 840 Claudjique
402 795 546 830 consulis
572 795 678 840 primo
704 795 831 829 Punico
854 794 940 829 bello
964 798 1146 829 memorata
1170 807 1224 829 na-

146 848 165 878 8
180 845 261 880 valis
283 845 392 881 clades
413 846 606 891 religionem
629 846 739 880 animo
761 845 913 881 incussit.
963 846 1010 880 Di
1035 858 1136 891 prope
1159 846 1224 891 ipsi

178 908 218 932 eo
244 897 297 932 die
323 898 429 943 magis
456 897 615 932 distulere
645 909 742 942 quam
770 896 967 941 prohibuere
996 897 1223 932 imminentem

178 953 306 995 pestem
324 950 506 985 Romanis:
532 962 608 984 nam
627 950 713 984 forte
730 950 778 984 ita
794 950 904 984 evenit
922 954 970 992 ut,
988 962 1091 994 quum
1108 950 1225 985 referri

178 1001 274 1047 signa
302 1001 336 1036 in
362 1004 472 1036 eastra
493 1001 628 1046 jubenti
656 1000 785 1036 consuli
812 1000 935 1035 milites
964 1012 1032 1034 non
1060 1005 1223 1046 parerent,

177 1052 264 1088 servi
297 1052 362 1087 duo
395 1052 564 1087 Formiani
596 1065 682 1087 unus
716 1052 800 1087 alter
833 1051 969 1086 Sidicini
1002 1052 1134 1096 equitis,
1167 1053 1223 1098 qui

178 1104 317 1139 Servilio
343 1108 443 1150 atque
468 1103 572 1139 Atilio
597 1103 789 1139 consulibus
816 1103 904 1138 inter
931 1102 1143 1148 pabulatores
1170 1116 1224 1138 ex·
1296 1146 1298 1150 ,

176 1155 265 1200 cepti
294 1167 313 1190 a
342 1154 499 1190 Numidis
529 1155 671 1197 fuerant,
701 1156 920 1200 profugerent
950 1166 988 1188 eo
1017 1153 1069 1188 die
1099 1154 1140 1189 ad
1170 1154 1224 1189 do·
1296 1151 1298 1195 l

175 1207 305 1242 minos:
339 1205 540 1252 deductique
569 1206 610 1240 ad
638 1206 790 1241 consules
817 1205 983 1246 nuntiant,
1010 1216 1141 1239 onmem
1168 1218 1222 1240 ex-

175 1257 317 1292 ercitum
342 1257 541 1293 Hannibalis
567 1260 660 1292 trans
689 1257 858 1302 proximos
886 1259 1018 1290 montes
1047 1256 1161 1291 sedere
1190 1257 1224 1291 in

142 1311 161 1342 9
175 1308 313 1344 insidiis.
363 1309 495 1344 Horum
514 1313 723 1354 opportunus
741 1308 905 1342 adventus
924 1307 1076 1342 consules
1094 1307 1223 1352 imperii

174 1363 328 1405 potentes
363 1360 453 1402 fecit,
485 1373 586 1406 quum
620 1360 757 1394 ambitio
790 1359 926 1394 alterius
957 1370 1050 1393 suam
1079 1359 1223 1404 primum

175 1411 263 1457 apud
279 1424 334 1446 eos
353 1424 455 1457 prava
471 1411 680 1457 indulgentia
696 1411 905 1457 majestatem
923 1409 1087 1445 solvisset.

79 1457 163 1500 (43)
222 1462 394 1497 Hannibal
412 1465 586 1508 postquam
602 1466 709 1497 motos
727 1462 832 1507 magis
847 1461 1035 1496 inconsulte
1058 1461 1222 1496 Romanos

175 1525 273 1559 quam
297 1513 338 1548 ad
361 1514 516 1548 ultimum
533 1517 659 1548 temere
677 1516 810 1548 evectos
834 1513 930 1555 vidit,
948 1512 1149 1557 nequiquam
1168 1512 1222 1547 de-

139 1570 158 1600 2
173 1568 265 1600 tecta
285 1565 400 1599 fraude
424 1565 459 1600 iu
482 1568 592 1600 castra
617 1565 724 1600 rediit.
775 1564 828 1599 Ibi
854 1564 965 1609 plures
991 1563 1061 1597 dies
1087 1567 1220 1609 propter

172 1617 317 1662 inopiam
343 1616 503 1651 frumenti
529 1628 662 1651 manere
691 1616 818 1661 nequit,
844 1626 995 1660 novaque
1024 1614 1161 1649 consilia
1190 1615 1223 1649 in

171 1667 241 1702 dics
258 1679 325 1703 non
346 1667 433 1712 apud
458 1668 580 1702 milites
604 1667 709 1702 solum
736 1667 857 1701 mixtos
881 1679 922 1701 ex
945 1665 1129 1700 colluvione
1154 1678 1223 1700 oni-

171 1719 264 1754 nium
286 1720 438 1765 gentimn
455 1719 515 1754 sed
531 1719 632 1756 etiam
649 1718 737 1760 apud
754 1718 872 1754 ducem
889 1718 999 1764 ipsum
1017 1716 1219 1751 oriebantur.
