1298 1921
431 25 519 55 LIB.
544 23 661 55 XXII.
686 25 780 55 6—8.
1078 24 1118 55 75

65 68 99 92 A.
114 67 143 91 c.
157 65 229 98 217.]

64 99 237 135 Etruriam
267 111 398 145 sparsos
431 101 491 134 aut
519 101 636 145 captos
669 98 710 134 ab
736 98 842 133 hoste.
893 97 989 136 Quot
1021 102 1150 132 casusss

63 150 234 186 exercitus
262 151 344 186 victi
376 151 520 194 fuerant,
549 153 600 184 tot
632 150 667 185 in
696 162 792 185 curas
821 149 990 195 dispertiti
1018 149 1119 184 animi

63 213 180 237 eorum
209 204 314 245 erant,
340 214 479 248 quorum
507 201 686 247 propinqui
709 200 772 236 sub
798 200 836 235 C.
854 200 1018 235 Flaminio
1043 211 1118 235 con-

63 252 135 288 sule
166 256 368 294 meruerant,
400 253 637 299 ignorantium,
672 264 746 298 quae
779 254 944 298 cujusque
981 263 1118 286 suorum

61 303 199 339 fortuna
218 307 327 339 esset:
359 316 420 339 nec
445 304 622 350 quisquam
644 303 726 338 satis
751 305 881 338 certum
903 302 1015 343 habet,
1039 302 1118 348 quid

62 358 122 390 aut
150 359 262 401 speret
291 358 350 390 aut
379 356 507 391 timeat.
558 356 700 390 Postero
733 366 773 390 ac
801 353 957 400 deinceps
990 353 1147 399 aliquot?

62 405 179 441 diebus
197 406 238 441 ad
254 409 369 452 portas
392 409 499 451 major
521 418 624 452 prope
646 405 824 441 mulierum
847 418 947 451 quam
969 405 1116 440 virorum

60 457 243 492 multitudo
269 458 376 500 stetit,
403 462 462 493 aut
487 470 626 493 suorum
655 457 799 503 aliquem
824 459 883 491 aut
907 456 1047 491 nuntios
1077 455 1118 491 de

60 507 101 544 iis
118 509 295 554 opperiens
311 522 317 544 :
343 508 763 554 circumfundebanturque
780 507 886 543 obviis
904 507 1117 542 sciscitantes

60 571 169 605 neque
193 560 290 595 avelli
311 561 429 606 utique
453 560 493 596 ab
516 560 606 594 notis
632 559 724 604 prius
749 571 846 605 quam
869 558 985 593 ordine
1008 558 1118 593 omnia

59 610 279 656 inquisissent
293 605 459 657 po—t'erant.
508 610 593 646 Inde
608 610 716 645 varios
730 609 844 645 vultus
859 609 1117 656 digredientium
1128 616 1146 645 8

60 662 101 698 ab
118 663 246 698 nuntiis
260 675 422 706 cerneres,
435 666 474 698 ut
488 663 609 708 cuique
621 662 700 697 laeta
717 665 775 697 aut
789 662 902 697 tristia
918 661 1118 697 nuntiaban-

59 716 126 756 tur,
149 713 424 760 gratulantesque
446 718 504 750 aut
525 713 735 749 consolantes
758 713 977 748 redeuntibus
1000 712 1114 748 domos

59 765 290 800 circumfusos.
338 766 552 801 Feminarum
576 765 744 811 praecipue
767 767 802 800 et
826 764 948 810 gaudia
971 764 1146 810 insignia9

59 819 154 851 erant
171 819 205 851 et
222 816 334 852 luctus
350 830 356 852 :
382 830 483 852 unam
500 817 535 852 in
551 817 625 862 ipsa
641 819 741 861 porta
757 816 877 862 sospiti
892 816 960 851 filio
976 819 1115 862 repente

58 867 204 902 oblatam
227 868 263 903 in
290 872 473 914 conspectu
498 870 571 913 ejus
598 868 786 913 exspirasse
815 867 939 911 ferunt,
964 867 1112 909 alteram,

58 918 113 953 cui
143 930 234 954 mors
266 919 326 954 filii
353 919 437 955 falso
466 919 622 954 nuntiata
650 922 732 960 erat,
758 922 909 953 maestam
943 918 1113 954 sedentem

58 969 150 1004 domi
182 970 223 1005 ad
255 971 400 1016 primum
435 974 652 1015 conspectum
687 970 861 1005 redeuntis
894 970 953 1005 filii
991 969 1114 1016 gaudio

57 1021 160 1056 nimio
177 1021 411 1057 exanimatam.
463 1023 623 1057 Senatum
644 1025 804 1068 praetores
821 1034 881 1068 per
898 1021 968 1057 dies
986 1021 1113 1067 aliquot
1129 1026 1168 1055 10

58 1072 99 1107 ab
122 1075 197 1107 orto
222 1085 328 1118 usque
354 1073 395 1108 ad
420 1073 626 1109 occidentem
652 1073 755 1108 solem
774 1073 810 1108 in
835 1073 928 1108 curia
951 1073 1111 1115 retinent,

57 1123 296 1166 consultantes,
331 1136 476 1169 quonam
509 1124 593 1160 duee
626 1127 684 1159 aut
717 1124 821 1170 copiis
847 1124 968 1170 quibus
1000 1124 1114 1159 resisti

56 1174 241 1210 victoribus
260 1176 372 1211 Poenis
390 1179 512 1222 posset.

101 1226 300 1272 Priusquam
334 1228 416 1263 satis
449 1230 542 1263 certa
573 1227 711 1263 consilia
742 1229 865 1269 essent,
893 1239 1014 1271 repens
1050 1226 1114 1261 alia
1125 1217 1184 1263 (8)

55 1278 233 1312 nuntiatur
253 1277 374 1322 clades,
392 1282 555 1325 quattuor
576 1278 680 1313 millia
700 1278 851 1324 equitum
875 1290 950 1313 cum
970 1278 1007 1313 C.
1027 1277 1114 1312 Cen-

54 1329 147 1363 tenio
163 1332 369 1375 propraetore
391 1331 494 1365 missa
510 1330 552 1365 ad
576 1330 737 1376 collegam
755 1329 796 1365 ab
819 1330 959 1365 Servilio
977 1329 1113 1364 consule

55 1380 90 1414 in
107 1380 257 1424 Umbria,
276 1393 341 1426 quo
359 1384 436 1427 post
452 1394 600 1428 pugnam
617 1381 659 1416 ad
679 1381 945 1416 Trasumennum
963 1381 1112 1415 auditam

56 1435 247 1467 averterant
279 1432 353 1475 iter,
379 1432 420 1468 ab
445 1432 637 1468 Hannibale
665 1432 902 1468 circumventa.
951 1432 1037 1477 Ejus
1063 1432 1110 1467 rei
1125 1438 1143 1467 2

54 1482 143 1517 fama
175 1483 265 1518 varie
297 1483 448 1519 homines
481 1484 628 1519 adfecit:
669 1496 746 1529 pars
779 1483 951 1529 occupatis
984 1485 1110 1528 majore

54 1534 254 1579 aegritudine
271 1535 389 1570 animis
405 1535 513 1570 levem
538 1548 582 1570 ex
604 1535 851 1581 comparatione
876 1535 1024 1581 priorum
1050 1534 1110 1569 du-

54 1596 129 1619 cere
145 1588 314 1620 recentem
338 1586 489 1631 equitum
507 1589 686 1632 jacturam,
706 1598 782 1631 pars
806 1599 874 1621 non
895 1585 930 1620 id
950 1585 1039 1631 quod
1056 1598 1109 1620 ac-

54 1636 180 1671 ciderat
213 1649 273 1682 per
304 1649 340 1672 se
373 1637 548 1679 aestimare,
579 1636 637 1672 sed
668 1641 708 1672 ut
739 1637 775 1672 in
807 1637 938 1672 adfecto
971 1648 1109 1682 corpore

55 1687 205 1732 quamvis
233 1687 316 1722 levis
346 1700 447 1723 eausa
473 1689 580 1734 magis
610 1701 709 1734 quam
737 1688 846 1723 valido
875 1688 1008 1735 gravior
1036 1700 1109 1722 sen-

54 1738 187 1782 tiretur,
207 1739 256 1774 ita
277 1744 352 1774 tum
376 1752 474 1785 aegrae
498 1743 533 1775 et
558 1739 698 1776 adfectae
722 1739 854 1775 civitati
876 1739 1108 1787 quodcumque
