<?xml version="1.0" encoding="UTF-8"?>
<!DOCTYPE html PUBLIC "-//W3C//DTD XHTML 1.0 Transitional//EN"
    "http://www.w3.org/TR/xhtml1/DTD/xhtml1-transitional.dtd">
<html xmlns="http://www.w3.org/1999/xhtml" xml:lang="en" lang="en">
 <head>
  <title>
</title>
<meta http-equiv="Content-Type" content="text/html;charset=utf-8" />
  <meta name='ocr-system' content='tesseract 3.04.00' />
  <meta name='ocr-capabilities' content='ocr_page ocr_carea ocr_par ocr_line ocrx_word'/>
</head>
<body>
  <div class='ocr_page' id='page_1' title='image "./booksxxixxivwith00livyuoft_0252.png"; bbox 0 0 1298 1921; ppageno 0'>
   <div class='ocr_carea' id='block_1_1' title="bbox 163 51 1243 177">
    <p class='ocr_par' dir='ltr' id='par_1_1' title="bbox 163 51 1243 177">
     <span class='ocr_line' id='line_1_1' title="bbox 192 51 978 84; baseline 0.003 -2"><span class='ocrx_word' id='word_1_1' title='bbox 192 54 253 82; x_wconf 77' lang='lat'>230</span> <span class='ocrx_word' id='word_1_2' title='bbox 444 51 480 82; x_wconf 93' lang='grc' dir='ltr'>Τ.</span> <span class='ocrx_word' id='word_1_3' title='bbox 499 51 619 82; x_wconf 84' lang='lat' dir='ltr'>LIVII</span> <span class='ocrx_word' id='word_1_4' title='bbox 646 52 978 84; x_wconf 79' lang='lat' dir='ltr'>HlSTORIARUM</span> 
     </span>
     <span class='ocr_line' id='line_1_2' title="bbox 163 95 1243 177; baseline 0.004 -16"><span class='ocrx_word' id='word_1_5' title='bbox 163 127 226 161; x_wconf 79' lang='lat' dir='ltr'>Get</span> <span class='ocrx_word' id='word_1_6' title='bbox 243 124 349 161; x_wconf 67' lang='lat' dir='ltr'>caedes</span> <span class='ocrx_word' id='word_1_7' title='bbox 371 124 515 161; x_wconf 89' lang='lat' dir='ltr'>irritent.</span> <span class='ocrx_word' id='word_1_8' title='bbox 566 126 660 161; x_wconf 89' lang='lat' dir='ltr'>Sicut</span> <span class='ocrx_word' id='word_1_9' title='bbox 681 129 754 162; x_wconf 92' lang='lat' dir='ltr'>tum</span> <span class='ocrx_word' id='word_1_10' title='bbox 778 127 947 174; x_wconf 82' lang='lat' dir='ltr'>extemplo</span> <span class='ocrx_word' id='word_1_11' title='bbox 969 95 1130 174; x_wconf 62' lang='lat' dir='ltr'>praetoieAs&#39;</span> <span class='ocrx_word' id='word_1_12' title='bbox 1142 97 1243 177; x_wconf 48' lang='lat' dir='ltr'>‹iogi-</span> 
     </span>
    </p>
   </div>
   <div class='ocr_carea' id='block_1_2' title="bbox 105 178 1293 1816">
    <p class='ocr_par' dir='ltr' id='par_1_2' title="bbox 105 178 1293 1816">
     <span class='ocr_line' id='line_1_3' title="bbox 191 178 1243 226; baseline 0.005 -15"><span class='ocrx_word' id='word_1_13' title='bbox 191 178 316 212; x_wconf 88' lang='lat' dir='ltr'>tionem</span> <span class='ocrx_word' id='word_1_14' title='bbox 334 178 592 223; x_wconf 63' lang='lat' dir='ltr'>promulgarunt</span> <span class='ocrx_word' id='word_1_15' title='bbox 610 181 812 224; x_wconf 82' lang='lat' dir='ltr'>acceptaque</span> <span class='ocrx_word' id='word_1_16' title='bbox 830 192 923 224; x_wconf 80' lang='lat' dir='ltr'>paene</span> <span class='ocrx_word' id='word_1_17' title='bbox 940 180 1031 225; x_wconf 89' lang='lat' dir='ltr'>prius</span> <span class='ocrx_word' id='word_1_18' title='bbox 1049 193 1147 226; x_wconf 88' lang='lat' dir='ltr'>quam</span> <span class='ocrx_word' id='word_1_19' title='bbox 1166 194 1243 226; x_wconf 88' lang='lat' dir='ltr'>pro-</span> 
     </span>
     <span class='ocr_line' id='line_1_4' title="bbox 193 229 1240 276; baseline 0.004 -13"><span class='ocrx_word' id='word_1_20' title='bbox 193 229 342 274; x_wconf 82' lang='lat' dir='ltr'>mulgata</span> <span class='ocrx_word' id='word_1_21' title='bbox 366 232 427 271; x_wconf 88' lang='lat' dir='ltr'>est,</span> <span class='ocrx_word' id='word_1_22' title='bbox 454 233 492 264; x_wconf 92' lang='lat' dir='ltr'>ut</span> <span class='ocrx_word' id='word_1_23' title='bbox 526 242 640 265; x_wconf 86' lang='lat' dir='ltr'>omnes</span> <span class='ocrx_word' id='word_1_24' title='bbox 673 231 772 276; x_wconf 81' lang='lat' dir='ltr'>regiae</span> <span class='ocrx_word' id='word_1_25' title='bbox 805 231 920 276; x_wconf 80' lang='lat' dir='ltr'>stirpis</span> <span class='ocrx_word' id='word_1_26' title='bbox 952 232 1240 268; x_wconf 87' lang='lat' dir='ltr'>interficerentur:</span> 
     </span>
     <span class='ocr_line' id='line_1_5' title="bbox 192 281 1244 326; baseline 0.005 -12"><span class='ocrx_word' id='word_1_27' title='bbox 192 281 350 326; x_wconf 82' lang='lat' dir='ltr'>missique</span> <span class='ocrx_word' id='word_1_28' title='bbox 379 293 398 315; x_wconf 90' lang='lat' dir='ltr'>a</span> <span class='ocrx_word' id='word_1_29' title='bbox 422 281 620 326; x_wconf 78' lang='lat' dir='ltr'>praetoribus</span> <span class='ocrx_word' id='word_1_30' title='bbox 649 282 865 316; x_wconf 84' lang='lat' dir='ltr'>Demaratam</span> <span class='ocrx_word' id='word_1_31' title='bbox 898 283 1057 318; x_wconf 88' lang='lat' dir='ltr'>Hieronis</span> <span class='ocrx_word' id='word_1_32' title='bbox 1086 286 1120 319; x_wconf 90' lang='lat' dir='ltr'>et</span> <span class='ocrx_word' id='word_1_33' title='bbox 1153 285 1244 319; x_wconf 80' lang='lat' dir='ltr'>Har-</span> 
     </span>
     <span class='ocr_line' id='line_1_6' title="bbox 192 332 1244 379; baseline 0.004 -13"><span class='ocrx_word' id='word_1_34' title='bbox 192 332 336 366; x_wconf 81' lang='lat' dir='ltr'>moniam</span> <span class='ocrx_word' id='word_1_35' title='bbox 362 332 496 367; x_wconf 79' lang='lat' dir='ltr'>Gelonis</span> <span class='ocrx_word' id='word_1_36' title='bbox 520 333 630 374; x_wconf 83' lang='lat' dir='ltr'>filiam,</span> <span class='ocrx_word' id='word_1_37' title='bbox 655 335 815 379; x_wconf 83' lang='lat' dir='ltr'>conjuges</span> <span class='ocrx_word' id='word_1_38' title='bbox 840 333 1073 369; x_wconf 83' lang='lat' dir='ltr'>Andranodori</span> <span class='ocrx_word' id='word_1_39' title='bbox 1097 338 1131 370; x_wconf 90' lang='lat' dir='ltr'>et</span> <span class='ocrx_word' id='word_1_40' title='bbox 1158 335 1244 370; x_wconf 84' lang='lat' dir='ltr'>The-</span> 
     </span>
     <span class='ocr_line' id='line_1_7' title="bbox 196 383 569 425; baseline 0.003 -8"><span class='ocrx_word' id='word_1_41' title='bbox 196 383 298 425; x_wconf 87' lang='lat' dir='ltr'>misti,</span> <span class='ocrx_word' id='word_1_42' title='bbox 318 383 569 419; x_wconf 86' lang='lat' dir='ltr'>interfecerunt.</span> 
     </span>
     <span class='ocr_line' id='line_1_8' title="bbox 105 435 1243 483; baseline 0.003 -14"><span class='ocrx_word' id='word_1_43' title='bbox 105 436 190 479; x_wconf 80' lang='lat'>(26)</span> <span class='ocrx_word' id='word_1_44' title='bbox 244 435 403 470; x_wconf 84' lang='lat' dir='ltr'>Heraclia</span> <span class='ocrx_word' id='word_1_45' title='bbox 419 438 490 470; x_wconf 89' lang='lat' dir='ltr'>erat</span> <span class='ocrx_word' id='word_1_46' title='bbox 512 435 579 470; x_wconf 89' lang='lat' dir='ltr'>filia</span> <span class='ocrx_word' id='word_1_47' title='bbox 595 435 765 479; x_wconf 84' lang='lat' dir='ltr'>Hieronis,</span> <span class='ocrx_word' id='word_1_48' title='bbox 782 447 869 470; x_wconf 80' lang='lat' dir='ltr'>uxor</span> <span class='ocrx_word' id='word_1_49' title='bbox 887 435 1011 482; x_wconf 89' lang='lat' dir='ltr'>Zoippi,</span> <span class='ocrx_word' id='word_1_50' title='bbox 1031 437 1088 482; x_wconf 90' lang='lat' dir='ltr'>qui</span> <span class='ocrx_word' id='word_1_51' title='bbox 1109 437 1243 483; x_wconf 84' lang='lat' dir='ltr'>legatus</span> 
     </span>
     <span class='ocr_line' id='line_1_9' title="bbox 197 486 1244 533; baseline 0.002 -12"><span class='ocrx_word' id='word_1_52' title='bbox 197 486 238 521; x_wconf 85' lang='lat' dir='ltr'>ab</span> <span class='ocrx_word' id='word_1_53' title='bbox 263 486 471 533; x_wconf 84' lang='lat' dir='ltr'>Hieronymo</span> <span class='ocrx_word' id='word_1_54' title='bbox 496 486 538 522; x_wconf 86' lang='lat' dir='ltr'>ad</span> <span class='ocrx_word' id='word_1_55' title='bbox 564 499 677 533; x_wconf 82' lang='lat' dir='ltr'>regem</span> <span class='ocrx_word' id='word_1_56' title='bbox 702 488 919 522; x_wconf 82' lang='lat' dir='ltr'>Ptolemaeum</span> <span class='ocrx_word' id='word_1_57' title='bbox 945 488 1066 522; x_wconf 90' lang='lat' dir='ltr'>missus</span> <span class='ocrx_word' id='word_1_58' title='bbox 1091 489 1244 523; x_wconf 75' lang='lat' dir='ltr'>volunta-</span> 
     </span>
     <span class='ocr_line' id='line_1_10' title="bbox 165 538 1243 585; baseline 0.002 -13"><span class='ocrx_word' id='word_1_59' title='bbox 165 538 281 572; x_wconf 86' lang='lat' dir='ltr'>2rium</span> <span class='ocrx_word' id='word_1_60' title='bbox 310 538 515 573; x_wconf 79' lang='lat' dir='ltr'>consciverat</span> <span class='ocrx_word' id='word_1_61' title='bbox 545 539 711 573; x_wconf 83' lang='lat' dir='ltr'>exsilium.</span> <span class='ocrx_word' id='word_1_62' title='bbox 762 539 813 573; x_wconf 81' lang='lat' dir='ltr'>Ea</span> <span class='ocrx_word' id='word_1_63' title='bbox 841 551 945 584; x_wconf 88' lang='lat' dir='ltr'>quum</span> <span class='ocrx_word' id='word_1_64' title='bbox 974 538 1015 573; x_wconf 87' lang='lat' dir='ltr'>ad</span> <span class='ocrx_word' id='word_1_65' title='bbox 1048 551 1083 573; x_wconf 86' lang='lat' dir='ltr'>se</span> <span class='ocrx_word' id='word_1_66' title='bbox 1113 551 1243 585; x_wconf 88' lang='lat' dir='ltr'>quoque</span> 
     </span>
     <span class='ocr_line' id='line_1_11' title="bbox 194 589 1244 635; baseline 0.002 -12"><span class='ocrx_word' id='word_1_67' title='bbox 194 589 307 624; x_wconf 81' lang='lat' dir='ltr'>venire</span> <span class='ocrx_word' id='word_1_68' title='bbox 340 590 539 635; x_wconf 74' lang='lat' dir='ltr'>praescisset,</span> <span class='ocrx_word' id='word_1_69' title='bbox 573 590 608 624; x_wconf 90' lang='lat' dir='ltr'>in</span> <span class='ocrx_word' id='word_1_70' title='bbox 641 590 819 625; x_wconf 84' lang='lat' dir='ltr'>sacrarium</span> <span class='ocrx_word' id='word_1_71' title='bbox 854 589 896 624; x_wconf 87' lang='lat' dir='ltr'>ad</span> <span class='ocrx_word' id='word_1_72' title='bbox 925 594 1063 633; x_wconf 86' lang='lat' dir='ltr'>penates</span> <span class='ocrx_word' id='word_1_73' title='bbox 1092 591 1244 635; x_wconf 77' lang='lat' dir='ltr'>confugit</span> 
     </span>
     <span class='ocr_line' id='line_1_12' title="bbox 194 640 1245 687; baseline 0.001 -12"><span class='ocrx_word' id='word_1_74' title='bbox 194 652 271 675; x_wconf 88' lang='lat' dir='ltr'>cum</span> <span class='ocrx_word' id='word_1_75' title='bbox 288 640 417 676; x_wconf 83' lang='lat' dir='ltr'>duabus</span> <span class='ocrx_word' id='word_1_76' title='bbox 441 641 571 676; x_wconf 87' lang='lat' dir='ltr'>filiabus</span> <span class='ocrx_word' id='word_1_77' title='bbox 589 641 774 687; x_wconf 82' lang='lat' dir='ltr'>virginibus</span> <span class='ocrx_word' id='word_1_78' title='bbox 798 641 954 676; x_wconf 78' lang='lat' dir='ltr'>resolutis</span> <span class='ocrx_word' id='word_1_79' title='bbox 977 641 1124 676; x_wconf 87' lang='lat' dir='ltr'>crinibus</span> <span class='ocrx_word' id='word_1_80' title='bbox 1147 642 1245 676; x_wconf 88' lang='lat' dir='ltr'>mise-</span> 
     </span>
     <span class='ocr_line' id='line_1_13' title="bbox 194 691 1245 738; baseline 0.001 -13"><span class='ocrx_word' id='word_1_81' title='bbox 194 691 355 738; x_wconf 76' lang='lat' dir='ltr'>rabilique</span> <span class='ocrx_word' id='word_1_82' title='bbox 372 691 435 726; x_wconf 87' lang='lat' dir='ltr'>alio</span> <span class='ocrx_word' id='word_1_83' title='bbox 457 691 595 727; x_wconf 84' lang='lat' dir='ltr'>habitu:</span> <span class='ocrx_word' id='word_1_84' title='bbox 622 696 656 727; x_wconf 88' lang='lat' dir='ltr'>et</span> <span class='ocrx_word' id='word_1_85' title='bbox 673 692 714 727; x_wconf 85' lang='lat' dir='ltr'>ad</span> <span class='ocrx_word' id='word_1_86' title='bbox 739 704 778 727; x_wconf 84' lang='lat' dir='ltr'>ea</span> <span class='ocrx_word' id='word_1_87' title='bbox 794 691 921 726; x_wconf 85' lang='lat' dir='ltr'>addidit</span> <span class='ocrx_word' id='word_1_88' title='bbox 946 704 1061 737; x_wconf 79' lang='lat' dir='ltr'>preces</span> <span class='ocrx_word' id='word_1_89' title='bbox 1080 705 1168 727; x_wconf 89' lang='lat' dir='ltr'>nunc</span> <span class='ocrx_word' id='word_1_90' title='bbox 1185 704 1245 738; x_wconf 85' lang='lat' dir='ltr'>per</span> 
     </span>
     <span class='ocr_line' id='line_1_14' title="bbox 194 743 1244 789; baseline 0.001 -12"><span class='ocrx_word' id='word_1_91' title='bbox 194 743 384 778; x_wconf 82' lang='lat' dir='ltr'>memoriam</span> <span class='ocrx_word' id='word_1_92' title='bbox 417 743 577 778; x_wconf 88' lang='lat' dir='ltr'>Hieronis</span> <span class='ocrx_word' id='word_1_93' title='bbox 609 743 714 789; x_wconf 80' lang='lat' dir='ltr'>patris</span> <span class='ocrx_word' id='word_1_94' title='bbox 745 743 944 788; x_wconf 85' lang='lat' dir='ltr'>Gelonisque</span> <span class='ocrx_word' id='word_1_95' title='bbox 977 743 1101 785; x_wconf 87' lang='lat' dir='ltr'>fratris,</span> <span class='ocrx_word' id='word_1_96' title='bbox 1132 756 1173 778; x_wconf 86' lang='lat' dir='ltr'>ne</span> <span class='ocrx_word' id='word_1_97' title='bbox 1207 756 1244 778; x_wconf 88' lang='lat' dir='ltr'>se</span> 
     </span>
     <span class='ocr_line' id='line_1_15' title="bbox 194 794 1242 840; baseline 0.001 -12"><span class='ocrx_word' id='word_1_98' title='bbox 194 794 363 829; x_wconf 79' lang='lat' dir='ltr'>innoxiam</span> <span class='ocrx_word' id='word_1_99' title='bbox 380 794 504 829; x_wconf 80' lang='lat' dir='ltr'>invidia</span> <span class='ocrx_word' id='word_1_100' title='bbox 520 795 719 839; x_wconf 76' lang='lat' dir='ltr'>Hieronymi</span> <span class='ocrx_word' id='word_1_101' title='bbox 742 795 944 840; x_wconf 78' lang='lat' dir='ltr'>conflagrare</span> <span class='ocrx_word' id='word_1_102' title='bbox 962 794 1131 829; x_wconf 84' lang='lat' dir='ltr'>sinerent:</span> <span class='ocrx_word' id='word_1_103' title='bbox 1158 794 1242 829; x_wconf 86' lang='lat' dir='ltr'>nihil</span> 
     </span>
     <span class='ocr_line' id='line_1_16' title="bbox 195 845 1241 892; baseline 0 -12"><span class='ocrx_word' id='word_1_104' title='bbox 195 858 230 880; x_wconf 89' lang='lat' dir='ltr'>se</span> <span class='ocrx_word' id='word_1_105' title='bbox 255 858 297 880; x_wconf 79' lang='lat' dir='ltr'>ex</span> <span class='ocrx_word' id='word_1_106' title='bbox 320 858 424 892; x_wconf 83' lang='lat' dir='ltr'>regno</span> <span class='ocrx_word' id='word_1_107' title='bbox 449 845 537 880; x_wconf 86' lang='lat' dir='ltr'>illius</span> <span class='ocrx_word' id='word_1_108' title='bbox 562 849 685 891; x_wconf 70' lang='lat' dir='ltr'>praeter</span> <span class='ocrx_word' id='word_1_109' title='bbox 712 845 865 880; x_wconf 74' lang='lat' dir='ltr'>exsilium</span> <span class='ocrx_word' id='word_1_110' title='bbox 890 845 952 880; x_wconf 89' lang='lat' dir='ltr'>viri</span> <span class='ocrx_word' id='word_1_111' title='bbox 976 845 1108 888; x_wconf 82' lang='lat' dir='ltr'>habere,</span> <span class='ocrx_word' id='word_1_112' title='bbox 1133 857 1241 890; x_wconf 86' lang='lat' dir='ltr'>neque</span> 
     </span>
     <span class='ocr_line' id='line_1_17' title="bbox 194 896 1242 942; baseline -0.001 -11"><span class='ocrx_word' id='word_1_113' title='bbox 194 897 363 932; x_wconf 83' lang='lat' dir='ltr'>fortunam</span> <span class='ocrx_word' id='word_1_114' title='bbox 388 909 482 932; x_wconf 91' lang='lat' dir='ltr'>suam</span> <span class='ocrx_word' id='word_1_115' title='bbox 507 897 644 932; x_wconf 85' lang='lat' dir='ltr'>eandem</span> <span class='ocrx_word' id='word_1_116' title='bbox 673 897 749 931; x_wconf 89' lang='lat' dir='ltr'>vivo</span> <span class='ocrx_word' id='word_1_117' title='bbox 774 897 982 942; x_wconf 75' lang='lat' dir='ltr'>Hieronymo</span> <span class='ocrx_word' id='word_1_118' title='bbox 1011 896 1115 931; x_wconf 84' lang='lat' dir='ltr'>fuisse</span> <span class='ocrx_word' id='word_1_119' title='bbox 1140 909 1242 941; x_wconf 86' lang='lat' dir='ltr'>quam</span> 
     </span>
     <span class='ocr_line' id='line_1_18' title="bbox 165 947 1242 993; baseline -0.001 -10"><span class='ocrx_word' id='word_1_120' title='bbox 165 949 327 990; x_wconf 82' lang='lat' dir='ltr'>3sororis,</span> <span class='ocrx_word' id='word_1_121' title='bbox 342 961 449 993; x_wconf 88' lang='lat' dir='ltr'>neque</span> <span class='ocrx_word' id='word_1_122' title='bbox 467 948 644 983; x_wconf 87' lang='lat' dir='ltr'>interfecto</span> <span class='ocrx_word' id='word_1_123' title='bbox 662 960 700 983; x_wconf 90' lang='lat' dir='ltr'>eo</span> <span class='ocrx_word' id='word_1_124' title='bbox 717 960 851 983; x_wconf 85' lang='lat' dir='ltr'>causam</span> <span class='ocrx_word' id='word_1_125' title='bbox 868 947 1006 982; x_wconf 83' lang='lat' dir='ltr'>eandem</span> <span class='ocrx_word' id='word_1_126' title='bbox 1023 960 1106 982; x_wconf 89' lang='lat' dir='ltr'>esse.</span> <span class='ocrx_word' id='word_1_127' title='bbox 1148 947 1242 985; x_wconf 78' lang='lat' dir='ltr'>Quid</span> 
     </span>
     <span class='ocr_line' id='line_1_19' title="bbox 195 998 1242 1045; baseline -0.002 -11"><span class='ocrx_word' id='word_1_128' title='bbox 195 1000 293 1045; x_wconf 84' lang='lat' dir='ltr'>quod,</span> <span class='ocrx_word' id='word_1_129' title='bbox 319 999 347 1035; x_wconf 92' lang='lat' dir='ltr'>si</span> <span class='ocrx_word' id='word_1_130' title='bbox 373 999 615 1034; x_wconf 83' lang='lat' dir='ltr'>Andranodoro</span> <span class='ocrx_word' id='word_1_131' title='bbox 640 999 777 1034; x_wconf 85' lang='lat' dir='ltr'>consilia</span> <span class='ocrx_word' id='word_1_132' title='bbox 801 999 1053 1044; x_wconf 74' lang='lat' dir='ltr'>processissent,</span> <span class='ocrx_word' id='word_1_133' title='bbox 1082 998 1137 1033; x_wconf 83' lang='lat' dir='ltr'>illa</span> <span class='ocrx_word' id='word_1_134' title='bbox 1165 1011 1242 1034; x_wconf 83' lang='lat' dir='ltr'>cum</span> 
     </span>
     <span class='ocr_line' id='line_1_20' title="bbox 163 1050 1243 1097; baseline 0 -13"><span class='ocrx_word' id='word_1_135' title='bbox 163 1052 264 1086; x_wconf 84' lang='lat' dir='ltr'>4viro</span> <span class='ocrx_word' id='word_1_136' title='bbox 282 1051 383 1086; x_wconf 87' lang='lat' dir='ltr'>fuerit</span> <span class='ocrx_word' id='word_1_137' title='bbox 402 1054 590 1097; x_wconf 79' lang='lat' dir='ltr'>regnatura,</span> <span class='ocrx_word' id='word_1_138' title='bbox 610 1050 673 1086; x_wconf 85' lang='lat' dir='ltr'>sibi</span> <span class='ocrx_word' id='word_1_139' title='bbox 690 1063 766 1085; x_wconf 88' lang='lat' dir='ltr'>eum</span> <span class='ocrx_word' id='word_1_140' title='bbox 784 1051 912 1086; x_wconf 80' lang='lat' dir='ltr'>eaeteris</span> <span class='ocrx_word' id='word_1_141' title='bbox 934 1050 1156 1085; x_wconf 88' lang='lat' dir='ltr'>serviendum.</span> <span class='ocrx_word' id='word_1_142' title='bbox 1208 1050 1243 1085; x_wconf 92' lang='lat' dir='ltr'>Si</span> 
     </span>
     <span class='ocr_line' id='line_1_21' title="bbox 194 1101 1242 1148; baseline -0.001 -12"><span class='ocrx_word' id='word_1_143' title='bbox 194 1103 268 1148; x_wconf 86' lang='lat' dir='ltr'>quis</span> <span class='ocrx_word' id='word_1_144' title='bbox 287 1103 412 1148; x_wconf 89' lang='lat' dir='ltr'>Zoippo</span> <span class='ocrx_word' id='word_1_145' title='bbox 435 1103 568 1137; x_wconf 81' lang='lat' dir='ltr'>nuntiet</span> <span class='ocrx_word' id='word_1_146' title='bbox 593 1102 810 1137; x_wconf 85' lang='lat' dir='ltr'>interfectum</span> <span class='ocrx_word' id='word_1_147' title='bbox 837 1102 1081 1147; x_wconf 81' lang='lat' dir='ltr'>Hieronymum</span> <span class='ocrx_word' id='word_1_148' title='bbox 1107 1113 1145 1136; x_wconf 88' lang='lat' dir='ltr'>ac</span> <span class='ocrx_word' id='word_1_149' title='bbox 1161 1101 1242 1136; x_wconf 89' lang='lat' dir='ltr'>libe-</span> 
     </span>
     <span class='ocr_line' id='line_1_22' title="bbox 193 1153 1245 1200; baseline -0.002 -11"><span class='ocrx_word' id='word_1_150' title='bbox 193 1158 284 1189; x_wconf 80' lang='lat' dir='ltr'>ratas</span> <span class='ocrx_word' id='word_1_151' title='bbox 310 1155 500 1200; x_wconf 82' lang='lat' dir='ltr'>Syracusas,</span> <span class='ocrx_word' id='word_1_152' title='bbox 527 1154 581 1189; x_wconf 88' lang='lat' dir='ltr'>cui</span> <span class='ocrx_word' id='word_1_153' title='bbox 607 1153 745 1189; x_wconf 88' lang='lat' dir='ltr'>dubium</span> <span class='ocrx_word' id='word_1_154' title='bbox 772 1165 845 1188; x_wconf 89' lang='lat' dir='ltr'>esse</span> <span class='ocrx_word' id='word_1_155' title='bbox 871 1153 950 1199; x_wconf 90' lang='lat' dir='ltr'>quin</span> <span class='ocrx_word' id='word_1_156' title='bbox 975 1153 1142 1197; x_wconf 83' lang='lat' dir='ltr'>extemplo</span> <span class='ocrx_word' id='word_1_157' title='bbox 1166 1165 1245 1188; x_wconf 38' lang='lat' dir='ltr'>con*-</span> 
     </span>
     <span class='ocr_line' id='line_1_23' title="bbox 193 1203 1243 1250; baseline -0.002 -10"><span class='ocrx_word' id='word_1_158' title='bbox 193 1218 372 1241; x_wconf 89' lang='lat' dir='ltr'>seensurus</span> <span class='ocrx_word' id='word_1_159' title='bbox 390 1206 434 1240; x_wconf 86' lang='lat' dir='ltr'>sit</span> <span class='ocrx_word' id='word_1_160' title='bbox 451 1218 569 1240; x_wconf 85' lang='lat' dir='ltr'>navem</span> <span class='ocrx_word' id='word_1_161' title='bbox 586 1208 687 1250; x_wconf 87' lang='lat' dir='ltr'>atque</span> <span class='ocrx_word' id='word_1_162' title='bbox 703 1205 738 1239; x_wconf 91' lang='lat' dir='ltr'>in</span> <span class='ocrx_word' id='word_1_163' title='bbox 755 1204 896 1250; x_wconf 81' lang='lat' dir='ltr'>patriam</span> <span class='ocrx_word' id='word_1_164' title='bbox 921 1203 1116 1239; x_wconf 83' lang='lat' dir='ltr'>rediturus?</span> <span class='ocrx_word' id='word_1_165' title='bbox 1142 1216 1243 1250; x_wconf 80' lang='lat' dir='ltr'>quan-</span> 
     </span>
     <span class='ocr_line' id='line_1_24' title="bbox 193 1255 1243 1302; baseline -0.002 -11"><span class='ocrx_word' id='word_1_166' title='bbox 193 1260 267 1292; x_wconf 88' lang='lat' dir='ltr'>tum</span> <span class='ocrx_word' id='word_1_167' title='bbox 292 1270 369 1302; x_wconf 89' lang='lat' dir='ltr'>spes</span> <span class='ocrx_word' id='word_1_168' title='bbox 393 1257 562 1292; x_wconf 87' lang='lat' dir='ltr'>hominum</span> <span class='ocrx_word' id='word_1_169' title='bbox 589 1256 680 1291; x_wconf 79' lang='lat' dir='ltr'>falli!</span> <span class='ocrx_word' id='word_1_170' title='bbox 708 1257 741 1291; x_wconf 91' lang='lat' dir='ltr'>in</span> <span class='ocrx_word' id='word_1_171' title='bbox 766 1255 907 1290; x_wconf 80' lang='lat' dir='ltr'>liberata</span> <span class='ocrx_word' id='word_1_172' title='bbox 933 1256 1042 1300; x_wconf 76' lang='lat' dir='ltr'>patria</span> <span class='ocrx_word' id='word_1_173' title='bbox 1068 1255 1243 1300; x_wconf 82' lang='lat' dir='ltr'>conjugem</span> 
     </span>
     <span class='ocr_line' id='line_1_25' title="bbox 194 1306 1242 1354; baseline -0.004 -10"><span class='ocrx_word' id='word_1_174' title='bbox 194 1309 266 1354; x_wconf 84' lang='lat' dir='ltr'>ejus</span> <span class='ocrx_word' id='word_1_175' title='bbox 280 1321 317 1343; x_wconf 83' lang='lat' dir='ltr'>ac</span> <span class='ocrx_word' id='word_1_176' title='bbox 334 1309 454 1344; x_wconf 90' lang='lat' dir='ltr'>liberos</span> <span class='ocrx_word' id='word_1_177' title='bbox 469 1308 509 1343; x_wconf 91' lang='lat' dir='ltr'>de</span> <span class='ocrx_word' id='word_1_178' title='bbox 523 1308 592 1342; x_wconf 84' lang='lat' dir='ltr'>vita</span> <span class='ocrx_word' id='word_1_179' title='bbox 605 1306 889 1353; x_wconf 76' lang='lat' dir='ltr'>dimicare—quid</span> <span class='ocrx_word' id='word_1_180' title='bbox 906 1307 1079 1341; x_wconf 78' lang='lat' dir='ltr'>obstantes</span> <span class='ocrx_word' id='word_1_181' title='bbox 1096 1306 1242 1341; x_wconf 81' lang='lat' dir='ltr'>libertati</span> 
     </span>
     <span class='ocr_line' id='line_1_26' title="bbox 194 1357 1244 1406; baseline -0.003 -12"><span class='ocrx_word' id='word_1_182' title='bbox 194 1363 253 1394; x_wconf 84' lang='lat' dir='ltr'>aut</span> <span class='ocrx_word' id='word_1_183' title='bbox 269 1359 425 1406; x_wconf 84' lang='lat' dir='ltr'>legibus?</span> <span class='ocrx_word' id='word_1_184' title='bbox 452 1359 540 1405; x_wconf 86' lang='lat' dir='ltr'>quod</span> <span class='ocrx_word' id='word_1_185' title='bbox 561 1359 602 1394; x_wconf 82' lang='lat' dir='ltr'>ab</span> <span class='ocrx_word' id='word_1_186' title='bbox 626 1371 661 1394; x_wconf 90' lang='lat' dir='ltr'>se</span> <span class='ocrx_word' id='word_1_187' title='bbox 685 1359 839 1404; x_wconf 79' lang='lat' dir='ltr'>cuiquam</span> <span class='ocrx_word' id='word_1_188' title='bbox 865 1358 1059 1403; x_wconf 84' lang='lat' dir='ltr'>periculum,</span> <span class='ocrx_word' id='word_1_189' title='bbox 1079 1370 1098 1391; x_wconf 90' lang='lat' dir='ltr'>a</span> <span class='ocrx_word' id='word_1_190' title='bbox 1120 1357 1189 1392; x_wconf 81' lang='lat' dir='ltr'>sola</span> <span class='ocrx_word' id='word_1_191' title='bbox 1206 1370 1244 1392; x_wconf 87' lang='lat' dir='ltr'>ac</span> 
     </span>
     <span class='ocr_line' id='line_1_27' title="bbox 193 1408 1243 1456; baseline -0.002 -10"><span class='ocrx_word' id='word_1_192' title='bbox 193 1423 299 1456; x_wconf 88' lang='lat' dir='ltr'>prope</span> <span class='ocrx_word' id='word_1_193' title='bbox 316 1411 416 1446; x_wconf 85' lang='lat' dir='ltr'>vidua</span> <span class='ocrx_word' id='word_1_194' title='bbox 437 1414 471 1446; x_wconf 91' lang='lat' dir='ltr'>et</span> <span class='ocrx_word' id='word_1_195' title='bbox 490 1410 608 1456; x_wconf 89' lang='lat' dir='ltr'>puellis</span> <span class='ocrx_word' id='word_1_196' title='bbox 625 1411 661 1445; x_wconf 89' lang='lat' dir='ltr'>in</span> <span class='ocrx_word' id='word_1_197' title='bbox 685 1409 863 1444; x_wconf 85' lang='lat' dir='ltr'>orbitatem</span> <span class='ocrx_word' id='word_1_198' title='bbox 889 1408 1127 1444; x_wconf 82' lang='lat' dir='ltr'>decedentibus</span> <span class='ocrx_word' id='word_1_199' title='bbox 1145 1410 1243 1444; x_wconf 82' lang='lat' dir='ltr'>esse?</span> 
     </span>
     <span class='ocr_line' id='line_1_28' title="bbox 194 1460 1244 1508; baseline -0.003 -11"><span class='ocrx_word' id='word_1_200' title='bbox 194 1466 228 1496; x_wconf 86' lang='lat' dir='ltr'>at</span> <span class='ocrx_word' id='word_1_201' title='bbox 256 1462 343 1497; x_wconf 87' lang='lat' dir='ltr'>eniin</span> <span class='ocrx_word' id='word_1_202' title='bbox 372 1462 513 1507; x_wconf 88' lang='lat' dir='ltr'>periculi</span> <span class='ocrx_word' id='word_1_203' title='bbox 541 1461 674 1508; x_wconf 80' lang='lat' dir='ltr'>quidem</span> <span class='ocrx_word' id='word_1_204' title='bbox 704 1461 786 1495; x_wconf 86' lang='lat' dir='ltr'>nihil</span> <span class='ocrx_word' id='word_1_205' title='bbox 816 1460 856 1495; x_wconf 85' lang='lat' dir='ltr'>ab</span> <span class='ocrx_word' id='word_1_206' title='bbox 886 1472 921 1495; x_wconf 88' lang='lat' dir='ltr'>se</span> <span class='ocrx_word' id='word_1_207' title='bbox 950 1461 1078 1502; x_wconf 81' lang='lat' dir='ltr'>timere,</span> <span class='ocrx_word' id='word_1_208' title='bbox 1104 1460 1244 1494; x_wconf 86' lang='lat' dir='ltr'>invisam</span> 
     </span>
     <span class='ocr_line' id='line_1_29' title="bbox 165 1511 1245 1559; baseline -0.003 -11"><span class='ocrx_word' id='word_1_209' title='bbox 165 1517 308 1548; x_wconf 86' lang='lat' dir='ltr'>5tamen</span> <span class='ocrx_word' id='word_1_210' title='bbox 335 1515 473 1559; x_wconf 85' lang='lat' dir='ltr'>stirpem</span> <span class='ocrx_word' id='word_1_211' title='bbox 500 1514 623 1558; x_wconf 78' lang='lat' dir='ltr'>regiam</span> <span class='ocrx_word' id='word_1_212' title='bbox 653 1525 736 1547; x_wconf 88' lang='lat' dir='ltr'>esse.</span> <span class='ocrx_word' id='word_1_213' title='bbox 785 1511 991 1557; x_wconf 76' lang='lat' dir='ltr'>Ablegarcnt</span> <span class='ocrx_word' id='word_1_214' title='bbox 1020 1523 1099 1557; x_wconf 83' lang='lat' dir='ltr'>ergo</span> <span class='ocrx_word' id='word_1_215' title='bbox 1128 1511 1245 1556; x_wconf 84' lang='lat' dir='ltr'>procul</span> 
     </span>
     <span class='ocr_line' id='line_1_30' title="bbox 195 1562 1292 1611; baseline -0.004 -11"><span class='ocrx_word' id='word_1_216' title='bbox 195 1565 235 1600; x_wconf 82' lang='lat' dir='ltr'>ab</span> <span class='ocrx_word' id='word_1_217' title='bbox 261 1566 433 1611; x_wconf 79' lang='lat' dir='ltr'>Syracusis</span> <span class='ocrx_word' id='word_1_218' title='bbox 458 1565 645 1610; x_wconf 77' lang='lat' dir='ltr'>Siciliaque,</span> <span class='ocrx_word' id='word_1_219' title='bbox 666 1568 700 1599; x_wconf 88' lang='lat' dir='ltr'>et</span> <span class='ocrx_word' id='word_1_220' title='bbox 725 1563 912 1609; x_wconf 81' lang='lat' dir='ltr'>absportari</span> <span class='ocrx_word' id='word_1_221' title='bbox 934 1562 1169 1598; x_wconf 82' lang='lat' dir='ltr'>Alexandriam</span> <span class='ocrx_word' id='word_1_222' title='bbox 1189 1565 1245 1607; x_wconf 88' lang='lat' dir='ltr'>ju-</span> <span class='ocrx_word' id='word_1_223' title='bbox 1290 1562 1292 1583; x_wconf 58' lang='lat'>³</span> 
     </span>
     <span class='ocr_line' id='line_1_31' title="bbox 163 1614 1291 1659; baseline -0.001 -11"><span class='ocrx_word' id='word_1_224' title='bbox 163 1616 311 1651; x_wconf 88' lang='lat' dir='ltr'>6berent</span> <span class='ocrx_word' id='word_1_225' title='bbox 340 1616 381 1651; x_wconf 88' lang='lat' dir='ltr'>ad</span> <span class='ocrx_word' id='word_1_226' title='bbox 410 1616 517 1651; x_wconf 88' lang='lat' dir='ltr'>virum</span> <span class='ocrx_word' id='word_1_227' title='bbox 547 1628 697 1657; x_wconf 81' lang='lat' dir='ltr'>uxorem,</span> <span class='ocrx_word' id='word_1_228' title='bbox 726 1614 767 1650; x_wconf 81' lang='lat' dir='ltr'>ad</span> <span class='ocrx_word' id='word_1_229' title='bbox 799 1618 930 1659; x_wconf 84' lang='lat' dir='ltr'>patrem</span> <span class='ocrx_word' id='word_1_230' title='bbox 963 1614 1057 1648; x_wconf 72' lang='lat' dir='ltr'>filias</span> <span class='ocrx_word' id='word_1_231' title='bbox 1106 1614 1244 1648; x_wconf 87' lang='lat' dir='ltr'>Aversis</span> <span class='ocrx_word' id='word_1_232' title='bbox 1290 1649 1291 1656; x_wconf 13' lang='grc' dir='ltr'>χ</span> 
     </span>
     <span class='ocr_line' id='line_1_32' title="bbox 193 1664 1292 1713; baseline -0.004 -10"><span class='ocrx_word' id='word_1_233' title='bbox 193 1669 329 1703; x_wconf 85' lang='lat' dir='ltr'>auribus</span> <span class='ocrx_word' id='word_1_234' title='bbox 351 1669 546 1713; x_wconf 76' lang='lat' dir='ltr'>animisque,</span> <span class='ocrx_word' id='word_1_235' title='bbox 565 1680 658 1702; x_wconf 82' lang='lat' dir='ltr'>casse</span> <span class='ocrx_word' id='word_1_236' title='bbox 681 1679 723 1702; x_wconf 89' lang='lat' dir='ltr'>ne</span> <span class='ocrx_word' id='word_1_237' title='bbox 746 1670 879 1712; x_wconf 81' lang='lat' dir='ltr'>tempus</span> <span class='ocrx_word' id='word_1_238' title='bbox 903 1665 1242 1701; x_wconf 82' lang='lat' dir='ltr'>tereretur-serrum</span> <span class='ocrx_word' id='word_1_239' title='bbox 1290 1664 1292 1683; x_wconf 58' lang='lat'><em>⁴</em></span> 
     </span>
     <span class='ocr_line' id='line_1_33' title="bbox 193 1713 1293 1765; baseline -0.003 -11"><span class='ocrx_word' id='word_1_240' title='bbox 193 1720 353 1765; x_wconf 85' lang='lat' dir='ltr'>quosdam</span> <span class='ocrx_word' id='word_1_241' title='bbox 371 1720 585 1765; x_wconf 65' lang='lat' dir='ltr'>expedientes</span> <span class='ocrx_word' id='word_1_242' title='bbox 600 1719 875 1754; x_wconf 77' lang='lat' dir='ltr'>cernebat—tum</span> <span class='ocrx_word' id='word_1_243' title='bbox 891 1717 1021 1751; x_wconf 78' lang='lat' dir='ltr'>omissis</span> <span class='ocrx_word' id='word_1_244' title='bbox 1040 1729 1098 1761; x_wconf 88' lang='lat' dir='ltr'>pro</span> <span class='ocrx_word' id='word_1_245' title='bbox 1117 1729 1151 1751; x_wconf 85' lang='lat' dir='ltr'>se</span> <span class='ocrx_word' id='word_1_246' title='bbox 1170 1729 1241 1761; x_wconf 85' lang='lat' dir='ltr'>pre·</span> <span class='ocrx_word' id='word_1_247' title='bbox 1291 1713 1293 1734; x_wconf 63' lang='lat'>²</span> 
     </span>
     <span class='ocr_line' id='line_1_34' title="bbox 192 1768 1293 1816; baseline -0.004 -10"><span class='ocrx_word' id='word_1_248' title='bbox 192 1771 297 1815; x_wconf 86' lang='lat' dir='ltr'>cibus,</span> <span class='ocrx_word' id='word_1_249' title='bbox 314 1771 432 1816; x_wconf 81' lang='lat' dir='ltr'>puellis</span> <span class='ocrx_word' id='word_1_250' title='bbox 458 1774 496 1806; x_wconf 86' lang='lat' dir='ltr'>ut</span> <span class='ocrx_word' id='word_1_251' title='bbox 519 1770 637 1806; x_wconf 79' lang='lat' dir='ltr'>saltem</span> <span class='ocrx_word' id='word_1_252' title='bbox 662 1772 838 1815; x_wconf 81' lang='lat' dir='ltr'>parcerent</span> <span class='ocrx_word' id='word_1_253' title='bbox 863 1781 957 1813; x_wconf 79' lang='lat' dir='ltr'>orare</span> <span class='ocrx_word' id='word_1_254' title='bbox 980 1768 1116 1809; x_wconf 85' lang='lat' dir='ltr'>institit,</span> <span class='ocrx_word' id='word_1_255' title='bbox 1134 1780 1154 1802; x_wconf 89' lang='lat' dir='ltr'>a</span> <span class='ocrx_word' id='word_1_256' title='bbox 1177 1780 1243 1814; x_wconf 88' lang='lat' dir='ltr'>qua</span> <span class='ocrx_word' id='word_1_257' title='bbox 1291 1775 1293 1803; x_wconf 72' lang='lat'>1</span> 
     </span>
    </p>
   </div>
   <div class='ocr_carea' id='block_1_3' title="bbox 1271 0 1298 1775">
    <p class='ocr_par' dir='ltr' id='par_1_3' title="bbox 1271 0 1298 1775">
     <span class='ocr_line' id='line_1_35' title="bbox 1271 0 1298 1775; baseline 0 0"><span class='ocrx_word' id='word_1_258' title='bbox 1271 0 1298 1775; x_wconf 95' lang='lat' dir='ltr'> </span> 
     </span>
    </p>
   </div>
   <div class='ocr_carea' id='block_1_4' title="bbox 1289 1361 1293 1921">
    <p class='ocr_par' dir='ltr' id='par_1_4' title="bbox 1289 1361 1293 1921">
     <span class='ocr_line' id='line_1_36' title="bbox 1289 1361 1293 1921; baseline 0 0"><span class='ocrx_word' id='word_1_259' title='bbox 1289 1361 1293 1921; x_wconf 95' lang='lat' dir='ltr'> </span> 
     </span>
    </p>
   </div>
  </div>
 </body>
</html>
