1298 1921
367 49 459 81 LIB.
482 49 578 80 XXI.
602 50 740 80 53—55.
1046 48 1088 78 55

32 94 64 119 A.
78 94 107 118 c.
121 91 190 125 218]

33 125 205 161 Hannibal
220 140 227 159 :
256 127 277 142 “
294 123 351 159 sed
369 125 409 159 ut
426 125 460 158 et
483 135 625 158 numero
648 123 747 158 etiam
765 134 832 157 non
855 120 972 157 animis
989 119 1088 156 modo

33 177 180 218 valeatis,
197 175 338 221 singulis
355 175 450 210 vobis
468 186 616 210 novenos
640 187 683 209 ex
699 174 821 209 turmis
839 173 1088 218 manipulisque

33 228 136 263 vestri
169 227 293 262 similes
322 226 457 272 eligite:
485 226 590 272 Mago
618 225 728 261 locum
757 224 958 260 monstrabit
987 236 1088 269 quem

34 279 225 314 insideatis:
252 278 383 312 hostem
410 289 535 312 caecum
559 277 600 312 ad
623 277 682 312 has
705 277 783 312 belli
805 279 895 311 artes
919 274 1085 310 habetis.”

34 331 90 365 Ita
120 329 209 364 mille
237 328 407 374 equitibus
437 328 576 374 Magoni
605 328 694 364 mille
726 327 896 374 peditibus
929 326 1119 368 dimissis,4

34 380 205 417 Hannibal
238 380 346 425 prima
384 379 458 415 luce
491 379 657 414 Numidas
690 380 821 426 equites
856 382 1086 424 transgressos

0 460 1 471 ,
33 432 186 467 Trebiam
209 431 334 466 flumen
355 430 550 474 obequitare
568 430 668 476 jubet
689 431 837 466 hostium
862 429 971 475 portis
994 428 1088 475 ι111011-

33 483 197 529 landoque
224 483 258 517 in
285 482 449 517 stationes
476 482 595 517 elicere
622 482 664 517 ad
691 494 840 528 pugnam
868 481 1011 523 hostem,
1036 479 1088 514 in-

31 534 121 581 jecto
154 533 274 569 deinde
303 533 484 568 certamine
512 532 659 568 cedendo
692 533 816 568 sensim
848 533 935 567 citra
961 531 1087 566 fiumen

35 586 239 631 pertrahere.
290 585 374 620 Haec
403 583 559 618 mandata
585 583 763 619 Numidis:
790 583 919 619 caeteris
945 581 1118 617 ducibus5

35 637 183 682 peditum
217 636 436 682 equitumque
470 638 678 680 praeceptum
709 638 749 670 ut
777 634 939 681 prandere
971 645 1086 668 omnes

32 687 197 733 juberent,
233 689 378 722 armatos
417 686 536 721 deinde
573 686 793 733 instratisque
825 685 919 732 equis
952 684 1087 730 signum

35 742 240 784 exspectare.

83 789 297 836 Sempronius
311 789 352 824 ad
365 789 549 824 tumultum
560 789 783 824 Numidarum
798 789 942 834 primum
955 799 1087 823 omnem
1099 789 1119 820 6

35 841 367 887 equitatum—ferox
395 853 436 875 ea
463 844 558 886 parte
583 840 871 876 virium—deinde
899 852 958 875 sex
985 838 1089 874 millia

37 892 196 938 peditum,
228 896 398 938 postremo
426 904 541 927 omnes
574 893 687 938 copias
716 892 758 927 ad
788 891 994 927 destinatum
1018 891 1088 936 jam

36 947 113 978 ante
145 943 282 979 consilio
316 943 432 978 avidus
465 944 656 978 certaminis
689 943 818 978 eduxit.
883 943 968 977 Erat
999 941 1120 976 forte7

38 995 163 1030 brumae
187 998 321 1040 tempus
346 998 380 1030 et
404 995 522 1030 nivalis
547 995 617 1030 dies
641 995 677 1030 111
698 995 780 1030 10013
806 994 948 1040 Alpibus
975 994 1089 1039 Apen-

38 1046 181 1092 ninoque
212 1046 409 1091 interjectis,
438 1046 690 1092 propinquitate
717 1046 818 1081 etiam
846 1045 1021 1080 fluminum
1050 1055 1089 1079 ac

38 1097 207 1143 paludium
220 1097 419 1143 praegelidis.
469 1097 522 1131 Ad
538 1097 601 1132 1100
617 1098 739 1143 raptim
753 1097 883 1132 eductis
897 1095 1087 1131 hominibus
1102 1095 1121 1124 8

37 1152 138 1194 atque
167 1148 270 1194 equis,
301 1160 366 1183 non
397 1151 494 1193 capto
523 1152 600 1183 ante
634 1149 718 1190 cibo,
752 1161 820 1183 non
852 1160 914 1194 ope
945 1148 1014 1182 ulla
1046 1146 1089 1182 ad

37 1199 217 1234 arcendum
233 1199 340 1245 frigus
364 1199 522 1243 adhibita,
544 1199 627 1234 nihil
650 1200 769 1235 caloris
792 1199 910 1241 inerat,
938 1201 972 1234 et
995 1197 1089 1244 quid-

38 1251 119 1297 quid
151 1263 239 1286 aurae
271 1251 419 1285 fluminis
452 1251 773 1297 adpropinquabant,
806 1250 951 1286 adflabat
983 1250 1089 1285 aerior

38 1302 172 1349 frigoris
194 1302 244 1337 vis
262 1315 268 1337 :
293 1305 332 1337 ut
355 1314 434 1337 vero
455 1302 662 1349 refugientes
686 1302 852 1338 Numidas
874 1302 1091 1348 insequentes

38 1366 158 1400 aquam
185 1354 329 1400 ingressi
357 1356 519 1388 sunt—et
545 1357 618 1389 erat
645 1354 838 1400 pectoribus
864 1357 965 1389 tenus
993 1355 1093 1387 aucta

38 1409 203 1440 nocturno
232 1405 450 1440 imbri—tum
479 1405 596 1451 utique
625 1405 769 1452 egressis
799 1405 909 1451 rigere
936 1403 1092 1439 omnibus

39 1468 188 1500 corpora,
211 1459 251 1491 ut
272 1457 329 1491 vix
353 1468 521 1491 armorum
543 1457 765 1491 tenendorum
790 1456 943 1503 potentia
966 1457 1090 1497 essent,

40 1510 74 1542 et
92 1507 191 1542 simul
212 1507 409 1542 lassitudine
431 1511 466 1542 et
491 1507 691 1553 procedente
708 1510 781 1553 jam
803 1507 856 1543 die
878 1507 966 1542 fame
988 1506 1087 1542 etiam

41 1559 191 1594 deficere.
240 1558 440 1594 Hannibalis
464 1559 598 1594 interim
624 1559 718 1594 miles
747 1558 881 1605 ignibus
910 1561 988 1593 ante
1015 1560 1087 1593 ten·
1107 1553 1188 1598 (55)

41 1611 129 1645 toria
150 1610 248 1645 factis
270 1610 409 1656 oleoque
431 1623 490 1656 per
514 1610 711 1656 manipulos,
734 1613 774 1646 ut
795 1610 964 1645 mollirent
986 1612 1091 1651 artus,

43 1661 153 1705 misso,
171 1664 205 1696 et
223 1661 296 1696 cibo
313 1673 374 1707 per
389 1662 494 1696 otium
513 1664 621 1708 capto,
638 1662 697 1697 ubi
719 1664 946 1708 transgressos
969 1661 1094 1696 flumen

42 1713 157 1748 hostes
175 1713 369 1748 nuntiatum
385 1716 447 1757 est,
462 1713 569 1748 alacer
589 1713 707 1749 animis
725 1713 986 1759 corporibusque
1004 1724 1096 1747 arma

43 1765 136 1809 capit
168 1767 269 1810 atque
300 1765 337 1800 in
368 1765 472 1800 aciem
501 1764 662 1810 procedit.
711 1764 868 1800 Baleares
896 1765 985 1800 locat
1017 1766 1095 1799 ante
1109 1768 1129 1798 2
