1298 1921
414 39 504 70 LIB.
521 36 658 69 XXIII.
683 37 778 67 1—3.
1059 39 1120 69 139

67 84 102 151 ge
115 82 323 161 cpgrtiiittant
348 114 412 149 sibi
437 116 470 149 et
495 112 714 149 certaminum
738 111 774 146 in
801 123 837 146 re
863 110 996 157 publica
1020 111 1117 147 obliti
1165 119 1169 124 ’

67 166 213 202 credant.
264 166 379 204 Quum
396 177 510 200 omnes
524 164 604 199 victi
622 166 713 198 metu
730 163 974 208 permitterent,
995 163 1118 198 “Clau-

66 218 164 252 dam''
183 217 292 263 inquit
310 217 373 252 “in
391 217 483 251 curia
498 228 566 257 vos,
579 218 613 250 et
635 218 806 259 tamquam
825 218 859 249 et
882 214 953 260 ipse
976 214 1118 260 cogitati

67 269 223 304 facinoris
250 268 415 314 particeps
441 266 653 313 adprobando
683 266 828 307 consilia,
855 265 975 311 quibus
1003 266 1120 311 nequi-

67 332 166 365 quam
185 319 386 360 adversarer,
405 319 491 353 viam
509 317 609 353 saluti
626 319 746 352 vestrae
769 317 946 352 inveniam.
996 317 1038 351 In
1055 317 1118 351 hoc
1130 324 1147 355 7

65 370 163 406 fidem
189 383 287 416 quam
311 370 413 405 vultis
436 370 500 416 ipsi
523 369 697 414 aocipite.''
747 368 828 403 Fide
857 368 936 402 data
962 374 1149 414 egressusss

66 421 174 457 claudi
191 422 317 457 curiam
337 422 436 467 jubet
461 420 718 467 praesidiumque
736 419 770 454 in
788 419 955 465 vestibulo
972 419 1118 465 reliquit,

65 485 107 508 ne
125 473 198 519 quis
216 473 306 508 adire
324 473 448 508 curiam
466 472 595 518 injussu
619 483 679 505 suo
703 483 785 505 neve
809 471 885 506 inde
903 471 1017 515 egredi
1044 483 1119 516 pos-

65 525 120 559 sit.
170 525 253 560 Tum
280 528 398 560 vocato
423 524 464 559 ad
489 523 679 558 concionem
705 523 828 568 populo
853 522 982 564 “Quod
1005 523 1115 567 saepe’'
1133 524 1191 564 (3)

65 575 174 622 inquit
206 580 226 594 “
242 576 396 621 optastis,
425 574 596 619 Campani,
627 577 665 607 ut
695 573 850 618 supplicii
882 573 1037 608 sumendi
1064 586 1118 607 vo-

65 626 117 661 bis
147 639 190 662 ex
219 627 370 672 improbo
400 638 438 661 ac
467 625 656 660 detestabili
690 629 809 660 senatu
842 628 992 670 potestas
1017 628 1117 666 essct,

65 690 136 712 eam
166 690 233 712 non
261 690 319 724 per
349 677 530 712 tumultum
563 680 795 721 expugnantes
828 675 943 710 domos
971 676 1117 721 singulo-

65 741 152 770 rum,
166 741 248 774 quas
265 728 427 774 praesidiis
441 727 610 763 clientium
629 739 866 772 servorumque
879 731 1028 767 tuentur,
1042 739 1119 762 cum

65 792 196 814 summo
217 784 329 814 vestro
354 778 512 824 periculo,
535 777 594 812 sed
615 781 724 812 tutam
743 777 873 813 habetis
896 790 934 813 ac
956 778 1092 813 liberam
1109 793 1116 812 :

65 830 194 865 clausos
219 843 333 866 omnes
356 831 391 865 in
413 830 538 865 curiam
563 829 704 873 accipite
729 828 816 863 solos
839 829 992 863 inermes.
1043 829 1148 866 Ne02

65 882 242 927 quicquam
268 881 389 927 raptim
416 884 473 915 aut
499 880 587 914 forte
611 883 738 914 temere
763 880 909 925 egeritis,
935 880 976 914 de
1003 880 1117 924 singu-

67 932 174 967 lorum
200 933 310 978 capite
334 932 427 967 vobis
450 932 506 977 jus
539 930 715 966 sententiae
741 931 890 965 dicendae
923 930 1051 974 faciam,
1076 935 1116 965 ut

66 995 149 1028 quas
182 984 323 1030 quisque
348 983 506 1018 emeritus
532 985 583 1017 est
617 994 729 1027 poenas
755 982 889 1029 pendat.
941 983 1006 1016 Sed
1039 985 1148 1018 ante3

65 1034 176 1069 onmia
199 1034 247 1069 ita
271 1047 330 1070 vos
356 1035 413 1070 irae
442 1033 615 1079 indulgere
640 1036 784 1078 oportet,
811 1035 851 1068 ut
875 1033 1041 1078 potiorem
1068 1034 1116 1068 ira

64 1085 207 1120 salutem
232 1088 332 1131 atquc
360 1085 541 1120 utilitatem
566 1088 712 1119 vestram
736 1084 899 1119 habeatis.
949 1085 995 1119 Et
1028 1085 1113 1119 enim
1129 1093 1150 1122 4

64 1135 135 1178 hos,
159 1140 198 1171 ut
220 1137 347 1182 opinor,
371 1136 488 1171 odistis
512 1140 693 1179 senatores,
715 1147 782 1170 non
805 1139 958 1170 senatum
982 1135 1116 1170 omnino

63 1186 185 1222 habere
214 1199 281 1222 non
306 1187 428 1222 vu-ltis:
463 1187 585 1232 quippe
614 1189 672 1221 aut
705 1199 773 1229 rex7
804 1186 892 1232 quod
926 1186 1117 1221 abominan-

63 1237 153 1280 dum,
184 1241 242 1272 aut
270 1238 359 1284 quod
391 1251 497 1273 unum
529 1237 640 1273 liberae
673 1237 819 1272 civitatis
852 1238 1026 1273 consitium
1051 1240 1114 1279 est,

63 1292 200 1324 senatus
223 1289 397 1324 habendus
420 1294 482 1324 est.
531 1289 654 1334 Itaque
677 1289 750 1324 duae
776 1301 828 1323 res
854 1289 954 1324 simul
978 1288 1115 1335 agendae
1130 1296 1148 1325 5

62 1339 157 1375 vobis
182 1344 271 1382 sunt,
297 1344 336 1375 ut
365 1343 399 1375 et
425 1343 571 1375 veterem
596 1343 750 1374 senatum
776 1340 902 1375 tollatis
927 1344 962 1375 et
990 1352 1115 1375 novum

63 1391 238 1437 cooptetis.
287 1391 392 1426 Citari
426 1391 576 1437 singulos
604 1394 774 1425 senatores
804 1391 940 1437 jubebo,
969 1391 1010 1426 de
1037 1396 1148 1437 quo-6

62 1454 137 1476 rum
164 1443 273 1487 capite
305 1455 364 1477 vos
389 1442 578 1477 consulam:
614 1441 702 1488 quod
727 1442 768 1476 de
793 1454 924 1488 quoque
949 1442 1111 1477 censueri-

63 1492 118 1534 tis,
148 1493 216 1528 fict.
266 1493 331 1528 Sed
360 1494 452 1538 prius
484 1494 518 1527 in
545 1495 619 1537 ejus
648 1492 758 1527 locum
784 1493 892 1528 virum
925 1493 1047 1528 fortem
1077 1499 1148 1529 ac?

63 1549 237 1578 strenuum
255 1556 379 1578 novum
396 1546 580 1578 senatorem
603 1543 815 1588 cooptabitis,
836 1557 935 1590 quam
952 1544 993 1579 de
1014 1544 1115 1579 noxio

63 1594 263 1640 supplicium
288 1595 473 1629 sumatur.”
522 1593 608 1629 Inde
633 1595 782 1629 consedit
808 1599 842 1630 et
862 1595 1053 1630 nominibus
1079 1595 1145 1631 in8

62 1657 180 1680 urnam
206 1645 365 1690 conjectis
383 1644 480 1680 citari
504 1644 593 1690 quod
613 1645 757 1689 primum
775 1651 865 1680 sorte
889 1658 1012 1681 nomen
1029 1646 1114 1681 exci-

63 1695 123 1737 dit,
142 1696 317 1742 ipsumque
334 1708 351 1731 e
369 1695 461 1730 curia
480 1695 619 1741 produci
638 1695 753 1741 jussit.
804 1697 871 1732 Ubi
894 1697 1044 1732 auditum
1063 1701 1114 1732 est
1128 1707 1147 1733 9

63 1758 195 1789 nomen,
222 1746 345 1781 malum
374 1748 409 1781 et
435 1746 624 1792 improbum
651 1759 711 1793 pro
740 1759 775 1782 se
802 1748 943 1794 quisque
971 1748 1115 1783 clamare
