1272 1921
0 0 874 34 ῤ-Ϋ

386 63 476 94 LIB.
501 63 597 95 XXI.
625 65 760 95 16—18.
1065 62 1101 93 17

49 109 82 131 Α.
96 106 125 130 c.
139 105 210 137 ma]

50 139 283 173 dimicaturum
312 137 442 172 hostem
472 137 734 173 eredebant—et
763 135 838 171 duae
866 136 1028 171 Romanae
1057 135 1104 171 le-

48 190 162 236 giones
181 202 256 225 eum
274 201 334 224 suo
347 191 443 234 justo
461 189 615 234 equitatu
632 192 665 223 et
684 187 935 233 quatuordecim
958 187 1103 222 millibus

48 241 214 276 sociorum
244 240 404 286 peditum,
438 240 608 286 equitibus
639 239 728 274 mille
762 238 944 273 sexcentis.
1007 239 1134 274 Duas-5

3 292 7 296 ’
47 292 195 338 legiones
221 292 390 326 Romanas
416 294 450 326 et
476 291 589 326 decem
615 290 718 325 millia
747 290 913 325 sociorum
939 289 1101 335 peditum,

49 343 137 378 mille
169 343 298 389 equites
328 343 445 384 socios,
477 344 652 377 sexcentos
685 342 857 376 Romanos
890 341 998 376 Gallia
1029 353 1103 387 pro-

49 394 157 429 vincia
173 394 290 429 eodem
307 406 404 428 versa
420 394 456 428 in
472 394 637 428 Punicum
654 393 777 428 bellum
794 392 922 428 habuit.

95 445 161 480 His
175 445 223 480 ita
235 445 444 491 comparatis,
459 448 498 479 ut
516 445 626 479 omnia
633 446 729 489 justa
746 447 822 479 ante
836 443 958 478 bellum
972 443 1099 485 fierent,
1118 438 1195 481 (18)

48 496 177 542 legatos
194 499 338 541 majores
358 499 450 537 natu,
472 496 514 534 Q.
534 495 683 537 Fabium,
703 495 752 530 M.
771 495 916 538 Livium,
939 495 980 529 L.
999 495 1103 530 AEmi-

48 548 141 590 lium,
159 548 196 582 C.
215 547 394 588 Licinium,
420 547 462 584 Q.
480 546 642 590 Baebium,
665 547 701 581 in
723 547 871 581 Africam
895 546 1037 580 mittunt
1062 545 1104 580 ad

51 598 316 645 percunctandos
335 598 638 644 Carthaginienses,
658 597 835 642 publicone
853 597 990 632 consilio
1008 597 1109 631 Han-

50 649 139 684 nibal
173 650 359 695 Saguntum
393 652 629 695 oppugnasset,
661 654 705 690 et,
737 649 763 683 si
796 649 831 683 id
860 648 950 694 quod
981 648 1105 683 facturi

50 700 250 736 videbantur
273 701 464 735 faterentur
493 713 530 735 ac
559 700 778 735 defenderent
808 700 940 744 publico
966 700 1104 735 consilio

0 755 1 775 ¹
50 752 187 792 factum,
217 755 257 786 ut
289 751 474 787 indicerent
506 752 630 797 populo
664 752 935 798 Carthaginiensi
968 751 1102 786 bellum.

50 803 195 838 Romani
213 806 387 849 postquam
403 803 641 849 Carthaginem
655 807 830 847 venerunt,
845 816 948 849 quum
966 806 1102 838 senatus
1115 808 1134 838 2

51 854 149 889 datus
172 858 261 889 esset
278 862 312 889 et
336 854 379 892 Q.
400 854 522 889 Fabius
547 854 628 889 nihi]
649 854 739 889 ultra
764 867 863 901 quam
885 867 990 889 unum
1014 854 1104 900 quod

50 905 245 940 mandatum
277 908 349 941 erat
382 909 621 951 percunctatus
655 909 754 949 esset,
783 909 857 940 tum
887 918 928 941 ex
963 906 1105 941 Cartha-

50 957 256 1003 giniensibus
281 969 389 992 unus:
419 957 606 1003 “Praeceps
628 960 751 999 vestra,
774 957 928 999 Romani,
956 960 990 992 et
1014 958 1104 1003 prior

50 1008 174 1054 legatio
198 1009 273 1052 fuit,
299 1021 401 1054 quum
426 1008 648 1043 Hannibalem
678 1012 850 1054 tamquam
875 1021 936 1043 suo
965 1008 1104 1044 consilio

51 1060 238 1106 Saguntum
271 1062 522 1105 oppugnantem
551 1059 804 1105 deposeebatis:
843 1063 1003 1095 caeterum
1032 1060 1103 1095 haec

50 1111 173 1157 legatio
191 1111 299 1146 verbis
317 1110 424 1145 adhuc
446 1110 552 1145 lenior
572 1114 633 1152 est,
653 1123 688 1146 re
714 1111 883 1156 asperior:
909 1114 992 1146 tunc
1015 1111 1103 1146 enini

50 1162 222 1197 Hannibal
251 1165 285 1197 et
314 1161 571 1196 insimulabatur
599 1165 633 1196 et
663 1161 915 1208 deposcebatur,
942 1175 1035 1197 nune
1063 1162 1104 1197 ab

49 1213 146 1248 nobis
173 1217 207 1248 et
232 1213 396 1248 confessio
421 1213 527 1258 culpae
552 1213 753 1258 exprimitur
778 1216 812 1249 et
837 1216 875 1248 ut
899 1226 918 1248 a
942 1213 1104 1248 confessis

49 1276 104 1299 res
121 1265 291 1310 extemplo
308 1267 518 1309 repetuntur.
567 1264 642 1310 Ego
659 1268 771 1299 autem
790 1277 857 1299 non
874 1264 1005 1311 privato
1022 1264 1103 1310 pub·
1116 1269 1136 1299 3

50 1315 157 1350 licone
181 1315 320 1350 consilio
347 1316 535 1361 Saguntum
561 1320 793 1362 oppugnatum
817 1316 861 1351 sit
887 1316 1103 1362 quaerendum

51 1379 213 1410 censeam,
231 1367 291 1402 sed
307 1369 423 1401 utrum
435 1368 513 1411 jure
530 1378 574 1401 an
596 1367 728 1413 injuria.
778 1367 907 1402 Nostra
929 1367 1016 1402 enim
1033 1367 1103 1402 haec
1114 1370 1136 1400 4

52 1418 192 1464 quaestio
209 1423 310 1464 atque
327 1418 570 1453 animadversio
586 1418 621 1453 in
644 1419 748 1454 civem
767 1423 919 1453 nostrum
943 1422 1004 1461 est,
1024 1419 1104 1465 quid

51 1473 168 1504 nostro
195 1473 253 1504 aut
278 1481 339 1504 suo
362 1469 480 1504 fecerit
505 1469 663 1504 arbitrio:
689 1470 861 1505 vobiscum
885 1482 953 1505 una
977 1470 1105 1516 discep-

50 1521 137 1555 tatio
159 1524 222 1562 est,
250 1520 425 1555 licueritne
450 1532 510 1566 per
534 1520 642 1556 foedus
671 1521 752 1556 fieri.
802 1522 925 1567 Itaque
949 1522 1104 1567 quoniam
1119 1529 1139 1558 5

52 1571 196 1607 discerni
223 1572 341 1618 placet,
367 1571 447 1618 quid
472 1571 606 1617 publico
632 1573 770 1607 consilio
795 1572 876 1619 quid
900 1585 962 1607 sua
986 1577 1105 1619 sponte

52 1623 270 1669 imperatores
291 1622 425 1666 faciant,
443 1622 538 1657 nobis
555 1623 727 1659 vobiscum
753 1623 859 1659 foedus
877 1626 928 1658 est
947 1636 965 1658 a
983 1624 1020 1658 C.
1039 1624 1106 1658 Lu-

52 1675 137 1708 tatio
155 1674 291 1709 consule
307 1674 423 1715 ictum,
438 1673 473 1708 in
491 1686 556 1719 quo
574 1687 674 1720 quum
694 1678 868 1710 caveretur
885 1678 1106 1721 utrorumque

53 1725 162 1766 sociis,
190 1724 274 1759 nihil
303 1724 344 1759 de
373 1724 759 1770 Saguntinis—necdum
789 1727 877 1761 enim
905 1729 1000 1761 erant
1027 1726 1108 1761 socii

53 1776 342 1811 vestri-cautum
375 1780 438 1810 est.
486 1777 535 1811 At
563 1777 651 1812 enim
684 1789 724 1812 eo
753 1777 877 1813 foedere
909 1777 1000 1823 quod
1031 1784 1135 1813 cums

103 1842 159 1860 mv.
175 1841 245 1860 [115‘1'.
261 1841 293 1860 11.
567 1839 586 1863 C
