1298 1921
1261 46 1263 85 l

1151 96 1198 121 .c.
1247 96 1260 120 fi

193 125 364 160 6Poenum
391 125 468 161 inde
491 138 551 172 pro
574 127 728 162 Romano
754 128 953 173 acciperent.
1003 129 1088 164 Haec
1110 95 1167 164 iiiii
1189 90 1267 163 nillil

224 176 308 211 tiata
338 177 498 212 Marcello
528 182 617 220 sunt,
647 179 844 213 collaudatis
874 180 1084 214 senatoribus
1119 156 1267 220 Nolanisl
1297 183 1298 188 ’

225 228 416 274 priusquam
451 229 553 274 aliqui
585 233 697 264 motus
731 230 765 264 in
798 231 880 265 urbe
912 237 1075 271 oreretur,
1104 225 1269 289 fortunam)
1296 236 1298 250 ³

197 281 213 315 7
226 291 348 324 pugnae
363 280 508 325 experiri
525 281 657 315 statuit.
708 280 761 315 Ad
775 284 844 315 tres
859 285 971 326 portas
985 283 1018 316 in
1033 285 1147 316 hostes
1161 291 1270 341 versent

225 331 397 375 tripertito
431 331 614 365 exereitum
650 332 821 373 instruxit,
848 333 1085 377 impedimenta
1116 332 1261 378 subsequ
1296 372 1298 377 Ι

221 381 334 427 jussit,
347 382 478 417 calones
496 382 647 428 lixasque
665 387 698 417 et
716 383 876 417 invalidos
890 384 1012 418 milites
1027 384 1147 418 vallum
1166 384 1266 417 ferrev
1296 424 1298 430 y

225 433 334 467 media
344 436 442 477 porta
454 433 573 467 robora
584 434 752 477 leg-ionum
766 438 799 468 et
813 435 981 469 Romanos
993 435 1132 478 equites,
1145 434 1267 469 duabus
1295 473 1297 478 Α

225 484 313 518 eirea
330 485 435 529 portis
454 497 555 519 novos
575 485 697 519 milites
721 485 892 530 levemque
911 489 1109 519 armaturam
1129 497 1167 520 ac
1190 487 1268 519 soei·
1295 490 1298 531 [

225 547 320 569 orum
350 538 479 581 equites
507 537 647 570 statuit:
683 536 806 571 Nolani
836 549 947 570 muros
975 539 1154 582 portasque
1183 537 1269 572 adire
1295 545 1298 570 ἰ

229 587 332 629 vetiti,
356 586 569 633 subsidiaque
595 587 763 622 destinata
784 587 1029 633 impedimentis
1053 587 1131 621 data
1152 600 1194 622 ne
1219 600 1270 622 oe-

196 639 355 683 80upatis
388 639 504 684 proelio
534 639 719 684 legionibus
752 640 786 674 in
820 653 857 674 ea
886 639 1031 684 impetus
1065 640 1168 673 fieret.
1219 640 1298 674 lta.

195 690 383 725 9instrueti
400 691 489 724 intra
511 696 622 735 portas
649 691 793 725 stabant.
844 690 1026 725 Hannibali
1044 690 1105 725 sub
1124 690 1272 735 signis—
1296 697 1298 702 ⁸

226 741 259 776 id
289 741 376 787 quod
404 754 463 786 per
489 742 614 787 aliquot
644 742 713 776 dies
743 742 958 776 fecerat—ad
982 742 1125 776 multum
1151 742 1215 776 diei
1241 742 1273 776 in
1296 749 1298 791 ]

226 793 295 827 acie
328 793 432 827 stanti
461 793 567 838 primo
599 793 758 827 miraculo
787 806 869 834 esse,
901 792 990 838 quod
1016 805 1078 827 nee
1104 794 1273 828 exereitus
1296 802 1298 816 ²

226 844 398 879 Romanus
425 848 523 889 porta
547 845 763 889 egrederetur
786 857 846 879 nee
869 850 1015 878 armatus
1042 845 1217 890 quisquam
1240 845 1275 878 in
1297 836 1298 847 ¹

225 896 328 930 inuris
346 899 454 930 esset:
482 900 574 930 ratus
601 895 719 930 deinde
745 896 875 941 prodita
892 895 1054 940 colloquia
1079 908 1151 930 esse
1170 900 1274 930 metu-

226 959 290 992 que
313 947 439 982 resides
466 947 583 988 factos,
612 951 742 992 partem
771 947 914 981 militum
939 947 973 981 in
999 951 1108 981 eastra
1132 947 1274 981 remittit

223 999 335 1044 jussos
359 1010 498 1044 propere
516 1004 711 1043 apparatum
736 1011 864 1033 omnem
884 998 1114 1043 oppugnandae
1132 998 1223 1032 urbis
1242 998 1275 1032 in

226 1050 364 1094 primam
383 1050 485 1084 aeiem
511 1049 650 1091 adferre,
671 1050 752 1084 satis
778 1049 894 1090 fidens,
915 1049 942 1083 si
965 1049 1200 1083 cunctantibus
1226 1049 1275 1083 in-

227 1103 342 1142 staret,
373 1100 555 1135 tumultum
590 1101 732 1146 aliquem
766 1101 799 1135 in
829 1100 911 1134 urbe
943 1100 1069 1144 plebem
1101 1108 1275 1134 moturum.

176 1156 215 1185 10
228 1152 317 1186 Dum
347 1152 381 1186 in
406 1164 467 1185 sua
491 1152 632 1197 quisque
660 1152 846 1186 ministeria
871 1151 1024 1185 discursu
1056 1150 1201 1195 trepidat
1234 1150 1275 1184 ad

226 1203 334 1248 prima
357 1203 453 1248 signa
476 1203 691 1248 succeditque
717 1203 757 1237 ad
782 1215 893 1237 muros
919 1203 1015 1243 acies,
1035 1203 1201 1247 patefacta
1224 1214 1275 1236 re-

225 1259 326 1299 pente
349 1257 447 1300 porta
472 1254 653 1288 Marcellus
678 1255 773 1299 signa
798 1266 916 1289 canere
942 1253 1184 1298 clamoremque
1204 1253 1277 1287 tolli

226 1318 264 1340 ae
297 1306 425 1350 pedites
459 1305 614 1349 primum,
650 1305 767 1340 deinde
801 1306 940 1350 equites,
977 1308 1101 1349 quanto
1134 1304 1276 1338 maximo

177 1363 212 1393 11
228 1361 362 1402 possent
388 1357 516 1401 impetu
533 1357 567 1390 in
593 1356 722 1391 hostem
746 1369 920 1401 erumpere
939 1356 1048 1400 jubet.
1099 1355 1187 1389 Satis
1210 1359 1277 1390 ter-

227 1409 311 1443 roris
337 1408 571 1453 tumultusque
598 1409 631 1442 in
657 1409 761 1442 aciem
787 1408 929 1442 mediam
954 1407 1146 1448 intulerant,
1173 1420 1276 1452 quum

226 1460 355 1494 duabus
373 1460 461 1494 eirea
486 1460 593 1504 portis
612 1460 650 1493 P.
670 1460 824 1494 Valerius
845 1459 983 1493 Fla-cens
1009 1463 1042 1492 et
1061 1458 1100 1492 G.
1121 1458 1276 1493 Aurelius

225 1511 328 1556 legati
352 1512 383 1545 in
409 1523 533 1545 cornua
557 1511 704 1545 hostium
728 1523 888 1556 erupere:
921 1509 1075 1543 addidere
1100 1509 1277 1544 clamorem

225 1562 299 1597 lixae
317 1563 515 1607 calonesque
533 1565 566 1596 et
585 1562 648 1596 alia
670 1561 770 1596 turba
787 1560 947 1596 eustodiae
966 1560 1276 1606 impedimentorum

225 1614 388 1658 adposita,
416 1618 454 1647 nt
487 1613 690 1658 paucitatem
716 1613 861 1647 maxime
894 1611 1130 1657 spernentibus
1163 1612 1275 1646 Poenis

176 1670 214 1700 12
226 1665 371 1711 ingentis
389 1668 525 1710 repente
543 1665 714 1699 exercitus
732 1664 876 1709 speeiem
895 1663 1046 1698 fecerint.
1096 1662 1165 1696 Vix
1184 1663 1275 1708 equi-

225 1716 300 1750 dem
323 1716 428 1750 ausim
455 1715 638 1758 adfirmare,
657 1715 744 1761 qnod
764 1714 897 1760 quidam
920 1717 1073 1748 auctores
1098 1718 1187 1755 sunt,
1207 1713 1274 1748 duo

224 1767 327 1803 millia
343 1770 377 1803 et
390 1767 603 1812 octingentos
622 1767 769 1801 hostium
787 1778 889 1801 caesos
907 1778 974 1800 non
991 1765 1065 1810 plus
1080 1764 1273 1811 quingentis
1293 1753 1297 1791 l

227 50 287 81 156
506 51 543 82 T.
570 52 690 82 L1V11
717 52 1053 84 HISTORIARUM
