1298 1921
181 49 222 78 82
426 48 463 79 T.
488 48 607 79 LIVII
633 47 967 79 HISTORIARUM
1069 90 1107 119 [A
1130 90 1149 115 C
1175 90 1223 114 217

180 122 352 168 populatio
375 133 414 156 ea
436 122 611 168 pervenit:
637 122 808 168 ingentem
831 122 968 165 cladem,
986 122 1100 168 fugam
1124 127 1237 157 tamen

180 176 409 218 terroremque
441 173 541 208 latius
575 173 732 208 Numidae
764 174 937 208 fecerunt:
971 186 1032 208 nec
1063 176 1175 208 tamen
1208 174 1236 208 is

181 227 301 266 terror,
321 237 422 270 quum
441 225 552 259 omnia
569 224 653 259 bello
672 225 860 269 flagrarent,
880 225 943 259 lide
962 224 1068 259 socios
1087 224 1236 264 dimovit,

181 275 336 311 videlicet
366 276 444 320 quia
466 278 562 320 justo
592 279 626 310 et
655 275 826 310 moderato
855 275 1060 321 regebantur
1088 275 1237 320 imperio,

181 339 243 362 nec
267 326 468 368 abnuebant,
495 326 585 372 quod
613 339 716 361 unum
743 326 912 361 vinculum
938 326 1014 361 fidei
1039 329 1100 368 est,
1127 326 1238 361 melio-

182 377 275 413 ribus
293 389 421 422 parere.

94 429 171 471 (14)
229 429 279 463 Ut
297 441 386 470 vero,
406 430 581 474 postquam
601 428 642 463 ad
661 428 866 463 Vulturnum
884 429 1009 463 flumen
1026 431 1135 463 castra
1158 431 1238 463 sunt

182 480 302 525 posita,
332 479 536 514 exurebatur
568 479 808 514 amoenissimus
840 480 947 514 Italiae
977 492 1056 525 ager
1084 480 1238 525 vfflaeque

182 531 305 576 passim
338 530 500 565 incendiis
534 530 707 565 fumabant
740 543 799 576 per
823 533 910 575 juga
943 531 1083 565 Massici
1115 531 1238 565 montis

182 582 286 617 Fabio
312 581 466 623 ducente,
493 584 565 616 tum
592 594 693 627 prope
719 581 758 616 de
784 582 916 627 integro
943 581 1062 616 seditio
1090 594 1237 616 accensa.

154 641 173 670 2
185 634 302 671 Quieti
320 633 453 668 fuerant
471 633 557 667 enim
576 645 635 678 per
649 645 771 678 paucos
786 633 866 673 dies,
881 633 967 678 quia,
985 646 1085 678 quum
1100 633 1239 668 celerius

184 685 282 720 solito
308 684 447 719 ductum
477 696 596 729 agmen
625 687 724 726 esset,
749 684 902 719 festinari
931 684 972 718 ad
1001 683 1239 729 prohibendam

184 735 456 782 populationibus
477 735 692 780 Campaniam
716 735 944 770 crediderant:
973 740 1011 770 ut
1035 747 1112 769 vero
1131 736 1165 769 in
1185 748 1241 769 ex—

184 792 293 822 trema
325 789 411 832 juga
443 786 582 820 Massici
615 786 737 820 montis
768 790 905 821 ventum
938 790 999 827 est,
1031 786 1144 820 hostes
1178 786 1240 820 snb

187 838 293 873 oculis
312 841 407 873 erant
431 837 564 872 Falerni
587 837 658 882 agri
681 837 938 882 colonorumque
962 838 1125 872 Sinuessae
1151 840 1242 871 tecta

186 893 336 932 urentes,
361 901 423 923 nec
451 888 520 923 ulla
549 892 621 922 erat
649 889 774 922 mentio
807 901 939 934 pugnae,
971 889 1242 933 “Spectatumne

185 940 274 976 hnc''
292 940 403 986 inquit
422 939 591 974 Minucius
611 942 631 956 “
649 939 691 973 ad
708 952 777 973 rem
794 939 967 975 fruendam
985 939 1242 974 oculis—socio-

186 1004 260 1027 rum
286 991 392 1026 caedes
418 993 451 1025 et
477 990 858 1026 incendia—venimus?
884 1003 946 1025 nec
968 990 995 1025 si
1018 990 1141 1025 nullius
1162 990 1243 1024 alte-

186 1043 266 1086 rius,
283 1054 344 1077 nos
361 1054 403 1077 ne
426 1042 547 1076 civium
572 1041 704 1087 quidem
728 1041 846 1076 horum
870 1041 985 1086 pudet,
1005 1054 1088 1086 quos
1110 1041 1243 1075 Sinues-

187 1106 256 1128 sam
274 1094 408 1128 colonos
426 1097 537 1138 patres
556 1093 662 1127 nostri
680 1093 842 1127 miserunt
860 1096 898 1127 ut
916 1093 957 1127 ab
980 1093 1128 1127 Samnite
1146 1093 1243 1127 hoste

186 1151 263 1181 tuta
279 1146 350 1180 haee
367 1157 425 1179 ora
442 1146 540 1185 esset,
560 1156 658 1189 quam
680 1156 768 1179 nunc
792 1157 858 1179 non
875 1145 1004 1179 vicinus
1029 1144 1158 1178 Samnis
1176 1144 1243 1178 urit

187 1197 246 1232 sed
264 1197 387 1231 Poenus
405 1195 541 1236 advena,
560 1195 603 1230 ab
621 1196 780 1230 extremis
797 1195 887 1230 orbis
909 1200 1073 1230 terrarum
1092 1195 1243 1230 terminis

187 1252 304 1283 nostra
336 1247 551 1283 cunctatione
584 1249 618 1281 et
648 1246 801 1281 socordia
823 1249 894 1291 jam
924 1247 989 1281 hnc
1019 1247 1243 1292 progressus?

158 1302 321 1335 stantum
347 1299 430 1344 proh
448 1298 688 1344 degeneranuls
706 1310 726 1332 a
742 1298 893 1343 patribus
916 1298 1039 1332 nostris
1057 1301 1105 1339 ut,
1123 1301 1245 1343 praeter

188 1363 288 1396 quam
315 1362 407 1384 oram
434 1349 482 1384 illi
511 1362 605 1384 suam
634 1349 779 1384 Punicas
808 1349 921 1395 vagari
950 1349 1072 1383 classes
1101 1348 1244 1384 dedecus

188 1415 261 1437 esse
286 1401 418 1447 imperii
447 1401 499 1436 sui
525 1401 693 1444 duxerint,
719 1413 791 1435 eam
820 1413 908 1436 nunc
938 1401 1069 1446 plenam
1098 1401 1244 1435 hostium

188 1453 480 1498 Numidarumque
510 1465 548 1487 ac
575 1453 773 1487 Maurorum
796 1455 864 1497 jam
896 1452 1018 1487 factam
1047 1452 1244 1487 videamus?

188 1505 245 1551 qui
264 1504 360 1539 modo
379 1505 567 1549 Saguntum
586 1504 771 1549 oppugnari
789 1503 993 1549 indignando
1010 1516 1077 1538 non
1094 1504 1244 1538 homines

187 1559 320 1591 tantum
338 1555 396 1590 sed
415 1555 538 1590 foedera
551 1557 585 1590 et
603 1555 682 1589 deos
700 1554 878 1597 ciebmnus,
893 1555 1107 1590 scandentem
1126 1555 1246 1589 moenia

157 1608 349 1643 4Romanae
367 1607 504 1641 coloniae
529 1606 752 1641 Hannibalem
776 1605 843 1641 laeti
867 1610 1067 1651 spectamus.
1117 1606 1244 1640 anus

188 1671 230 1694 ex
253 1658 414 1694 incendiis
438 1658 589 1692 villarum
615 1669 838 1703 agrorumque
863 1658 897 1692 in
922 1658 1035 1693 oculos
1062 1660 1163 1703 atque
1188 1669 1245 1691 ora

187 1710 291 1753 venit,
317 1712 473 1754 strepunt
503 1721 599 1743 aures
625 1708 825 1743 clamoribus
851 1709 1051 1754 plorantium
1078 1709 1242 1743 sociorum

188 1761 310 1806 saepius
339 1773 399 1796 nos
429 1773 528 1806 quam
561 1759 699 1794 deorum
731 1760 959 1795 invocantium
991 1772 1155 1807 opem—z
1184 1772 1243 1793 nos
