1298 1921
376 18 465 49 LIB.
491 17 618 50 XXIV.
645 19 782 49 32—34.
1047 17 1111 48 239

61 62 94 86 A.
108 61 136 86 c.
151 59 221 90 2η]

61 94 166 129 solum
186 92 244 129 sed
269 92 371 128 etiam
393 95 501 128 morte
524 92 721 128 servitutem
739 92 934 138 patiantur:
972 103 1034 126 nec
1050 103 1112 126 cae-

61 145 136 180 dem
164 143 340 180 nefandam
365 144 529 179 sociorum
560 143 701 179 inultam
731 144 901 179 Romanos
930 154 1111 188 passuros:

60 197 174 242 itaque
197 196 226 231 si
247 195 306 238 eis,
331 195 388 242 qui
410 195 451 230 ad
477 208 512 230 se
536 195 769 241 perfugarum,
790 198 888 229 tutus
912 194 948 229 in
969 194 1113 240 patriam

60 247 190 283 reditus
219 249 363 292 pateret,
392 246 491 282 caedis
524 250 678 282 auctores
711 246 881 281 dedantur
913 248 947 280 et
975 245 1113 280 libertas

60 298 218 344 legesque
251 298 467 344 Syracusanis
506 298 740 340 restituantur,
774 296 858 332 nihil
895 296 995 332 armis
1028 308 1113 343 opus

61 361 154 385 esse:
193 349 222 384 si
250 361 289 384 ea
316 361 384 384 non
411 349 503 391 fiant,
535 349 736 395 quicumque
765 348 800 384 in
829 360 922 384 mora
946 348 1000 390 sit,
1026 347 1113 383 bello

60 403 334 446 persequuturos.
384 399 439 435 Ad
456 412 495 435 ea
511 399 688 446 Epicydes,
707 400 734 435 si
752 412 817 446 qua
834 399 875 434 ad
898 411 934 434 se
956 399 1114 434 mandata
1127 404 1146 433 5

61 451 232 493 habereut,
261 463 456 497 responsum
483 451 530 486 eis
555 451 603 486 ait
628 464 664 486 se
689 451 827 486 daturos
855 450 981 486 fuisse:
1008 463 1113 496 quum

60 503 96 539 in
112 515 226 538 eorum
243 502 284 537 ad
302 515 385 549 quos
402 503 554 538 venerint
578 515 680 537 manu
702 515 755 537 res
779 503 988 549 Syracusana
1009 504 1114 542 esset,

61 557 135 590 tum
157 557 427 590 reverterentur:
454 554 483 589 si
508 553 595 589 bello
619 553 833 596 lacesserent,
857 555 931 600 ipsa
955 566 991 588 re
1016 553 1115 588 intel-

55 605 217 648 lecturos,
235 617 445 652 nequaquam
466 604 554 640 idem
577 617 651 640 esse
675 606 856 651 Syracusas
874 617 912 639 ac
928 604 1114 640 Leontinos

61 669 268 704 oppugnare.
309 657 366 692 Ita
382 656 502 702 legatis
519 656 645 691 relictis
662 659 778 702 portas
796 656 926 692 clausit.
1127 667 1146 697 6

108 708 192 744 Inde
208 711 300 743 terra
315 708 463 754 marique
480 708 581 743 simul
598 712 715 754 coeptae
726 708 913 754 oppugnari
929 708 1112 754 Syracusae,
1127 714 1144 748 7

61 761 152 794 terra
179 759 220 794 ab
249 758 441 805 Hexapylo,
466 759 550 794 mari
575 758 615 794 ab
641 758 843 800 Achradina,
873 759 968 805 cujus
997 771 1114 794 murus

61 811 168 846 fluctu
194 810 350 845 adluitur.
399 810 446 846 Et
473 810 560 856 quia,
591 810 678 846 sicut
707 810 894 845 Leontinos
920 813 1049 845 terrore
1077 816 1146 846 acS

61 862 170 908 primo
194 862 324 907 impetu
349 865 517 906 ceperant,
540 874 608 897 non
630 861 823 897 diffidebant
845 866 974 897 vastam
995 861 1114 907 disjec-

61 916 197 959 tamque
214 913 324 958 spatio
341 912 571 958 urbem‚parte
589 913 699 958 aliqua
718 925 754 948 se
778 914 963 956 invasuros,
980 925 1113 948 omnem

62 968 258 1010 apparatum
275 963 574 1010 oppugnandarum
597 964 731 999 urbium
756 964 860 999 muris
881 964 1112 1000 admoverunt.

62 1016 108 1052 Et
137 1015 308 1051 habuisset
335 1018 432 1050 tanto
458 1016 588 1061 impetu
620 1019 731 1061 coepta
755 1029 808 1051 res
837 1016 1020 1059 fortunam,
1047 1016 1112 1051 nisi
1124 1015 1210 1057 (34)

61 1079 150 1102 unus
171 1066 270 1102 homo
297 1066 468 1112 Syracusis
490 1079 530 1101 ea
550 1070 752 1113 tempestate
772 1067 914 1103 fuisset:
940 1067 1113 1103 Archime-

62 1117 121 1153 des
138 1118 166 1153 is
183 1120 265 1160 erut,
280 1118 398 1153 unicus
416 1121 587 1163 spectator
603 1118 676 1154 coeli
693 1118 916 1165 siderumque,
934 1119 1116 1154 mirabilior

61 1172 176 1204 tamen
191 1169 346 1204 inventor
363 1181 401 1204 ac
424 1169 633 1204 machinator
654 1169 847 1205 bellicorum
871 1173 1117 1205 tormentorum

62 1232 277 1266 operumque,
301 1220 434 1265 quibus,
452 1220 616 1266 quidquid
639 1221 754 1257 hostes
777 1221 907 1267 ingenti
929 1221 1015 1256 mole
1040 1234 1115 1268 age-

62 1274 149 1315 rent,
172 1271 244 1317 ipse
273 1271 399 1318 perlevi
424 1277 594 1307 momento
620 1272 861 1308 ludificaretur.
910 1273 1035 1308 Murus
1059 1282 1150 1318 per2

62 1323 242 1369 inaequales
282 1322 406 1358 ductus
447 1323 570 1359 colles:
611 1324 771 1370 pleraque
805 1324 873 1359 alta
905 1329 941 1359 et
973 1323 1120 1359 difficilia

63 1373 179 1410 aditu:
205 1374 371 1410 submissa
395 1375 546 1420 quaedam
570 1377 605 1410 et
630 1388 704 1420 quae
728 1375 837 1422 planis
861 1375 1004 1411 vallibus
1027 1375 1119 1411 adire

63 1428 212 1472 possent,
241 1428 281 1461 ut
309 1426 429 1472 cuique
457 1430 573 1472 aptum
601 1427 710 1462 visum
739 1432 792 1462 est
816 1427 899 1469 loco,
924 1427 974 1462 ita
997 1439 1119 1473 genere

63 1477 155 1512 omni
176 1479 421 1512 tormentorum
437 1477 611 1513 instruxit.
660 1478 862 1514 Achradinae
884 1491 1028 1520 murum,
1048 1479 1116 1524 qui,
1133 1488 1151 1516 3

63 1532 103 1563 ut
123 1531 202 1563 ante
227 1527 354 1564 dictum
376 1532 439 1570 est,
464 1529 549 1564 mari
574 1529 733 1572 adluitur,
755 1542 798 1566 ex
823 1529 1118 1576 quinqueremibus

64 1580 246 1615 Marcellus
271 1580 499 1626 oppugnabat.
549 1580 605 1616 Ex
630 1582 760 1616 caeteris
784 1581 927 1617 navibus
951 1581 1152 1627 sagittarii4

65 1631 320 1677 funditoresque
349 1634 383 1666 et
411 1631 529 1667 velites
558 1632 669 1676 etiam,
698 1645 840 1679 quorum
865 1633 971 1668 telum
997 1632 1039 1668 ad
1066 1645 1118 1668 re·

66 1682 267 1718 mittendum
292 1682 438 1718 inhabile
459 1683 624 1729 imperitis
648 1688 710 1727 est,
736 1684 795 1720 vix
821 1696 1021 1731 quemquam
1046 1684 1118 1720 sine
