1298 1921
161 61 200 91 98
415 58 450 88 T.
470 58 590 88 L1V11
616 58 950 89 HISTORIARUM
1051 98 1087 132 [x
1113 100 1132 124 C
1159 99 1204 125 ΓΠ

159 145 249 167 merc
267 134 367 178 atque
384 132 520 167 horrere
539 132 629 168 soliti
646 133 732 168 sint:
759 135 893 167 tantum
912 144 1005 167 suam
1023 132 1216 167 felicitatem

164 184 387 229 virtutemque
421 184 602 219 enituisse:
645 197 724 230 ergo
758 187 978 230 sequuturum
1012 196 1144 229 quoqne
1181 195 1217 217 se

162 235 332 269 fortunam
356 248 462 276 suam,
490 236 518 270 si
547 235 693 270 dictator
718 236 752 270 in
775 235 987 270 cunctatione
1010 247 1047 269 ac
1073 234 1217 279 segnitie

133 286 301 321 2dcorum
327 287 567 332 hominumque
588 287 715 332 judicio
741 286 896 321 damnata
921 289 1096 331 perstaret.
1146 286 1218 320 Ita-

164 350 227 383 que
257 350 322 383 quo
356 337 408 372 (lie
442 337 586 382 primum
620 350 819 383 congressus
850 341 901 372 est
931 349 1006 372 cum
1039 338 1082 374 Q.
1102 336 1214 379 Fabio,

163 388 380 423 statuendum
403 389 551 423 omnium
577 389 721 434 primum
739 389 786 423 ait
807 401 890 430 esse,
910 401 1006 433 quem
1025 388 1066 422 ad
1084 387 1218 422 modum

163 439 302 485 imperio
320 442 450 485 aequato
468 442 629 475 utantur:
658 453 693 475 sc
706 440 869 485 optimum
887 439 1006 474 ducere
1025 443 1083 474 aut
1100 439 1218 474 diebus

164 490 301 526 alternis
335 494 404 533 aut,
439 491 467 526 si
499 494 626 536 majora
657 491 832 526 intervalla
868 490 1048 536 placerent,
1083 490 1218 536 partitis

164 542 372 587 temporibus
390 542 526 577 alterius
550 555 716 577 summum
729 545 787 587 jus
811 542 1051 587 imperiumque
1077 554 1159 583 csse,
1179 545 1218 576 ut

164 604 224 638 par
249 593 339 628 hosti
367 605 434 628 non
461 593 568 628 solum
591 594 728 628 consilio
753 593 812 628 sed
836 593 962 627 viribus
989 593 1088 627 etiam
1118 596 1217 634 esset,

138 645 194 682 asi
219 657 316 690 quam
343 645 549 680 occasionem
572 645 619 680 rei
642 645 795 691 gerendae
821 644 1004 679 habuisset.
1054 644 1097 681 Q.
1116 644 1219 678 Fabio

165 695 420 742 haudquaquam
448 696 482 731 id
507 696 660 742 placere:
687 696 798 731 omnia
823 696 993 730 fortunam
1018 695 1104 729 enim
1130 695 1219 729 habi-

165 750 286 789 turam,
314 760 531 794 quaecumque
564 748 735 783 temeritas
760 747 895 793 collegae
927 747 1120 781 habuisset:
1157 746 1219 781 sibi

166 800 447 834 communicatum
465 811 541 834 cum
558 799 614 834 illo
632 812 698 834 non
722 799 913 844 ademptum
932 798 1105 843 imperium
1125 810 1196 832 esse
1211 813 1217 832 :

166 850 278 896 itaque
301 863 337 886 se
359 863 541 896 numquam
562 851 727 885 volentem
756 853 851 896 parte
875 862 940 895 qua
966 853 1079 895 posset
1109 862 1217 884 rerum

167 902 304 937 consilio
321 902 544 948 gerendarum
568 914 752 943 cessurum,
770 914 830 936 nec
854 914 889 936 se
906 905 1058 946 tempora
1074 903 1132 935 aut
1150 900 1219 935 dies

166 953 296 999 imperii
313 965 389 988 cum
412 965 460 995 ec,
480 954 663 988 exercitum
691 953 886 994 divisurum,
906 952 1041 998 suisque
1063 952 1218 994 consiliis,

168 1005 320 1050 quoniam
355 1005 465 1039 omnia
496 1017 564 1040 non
596 1005 721 1046 liceret,
752 1017 825 1050 quae
854 1007 969 1049 posset
999 1006 1219 1038 servaturum.

139 1056 223 1092 4Ita
247 1055 393 1091 obtinuit
419 1059 457 1091 ut
481 1056 639 1102 legiones,
672 1056 759 1091 sicut
793 1055 985 1091 consulibus
1018 1067 1089 1089 mos
1119 1058 1217 1096 essct,

167 1107 255 1142 inter
275 1120 310 1142 se
333 1107 539 1142 dividerent:
568 1108 673 1153 prima
697 1110 731 1142 et
749 1110 869 1152 quarta
894 1106 1057 1145 Minucio,
1076 1105 1221 1140 secunda

166 1162 200 1194 et
223 1159 325 1194 tertia
351 1159 454 1194 Fabio
478 1162 684 1194 evenerunt:
712 1159 792 1193 item
820 1158 950 1204 equites
980 1157 1054 1202 pari
1082 1170 1219 1192 numero

167 1210 363 1256 sociumque
382 1213 416 1245 ct
433 1210 548 1245 Latini
566 1210 708 1245 nominis
727 1209 849 1244 auxilia
866 1209 1051 1243 diviserunt
1067 1224 1073 1243 :
1101 1208 1219 1244 castris

168 1274 202 1295 sc
222 1274 353 1307 quoque
371 1262 516 1307 separari
534 1262 693 1306 magister
710 1261 859 1306 equitum
879 1260 994 1294 voluit.

74 1303 159 1349 (28)
215 1313 351 1358 Duplex
374 1312 450 1348 inde
479 1313 661 1347 Hannibali
686 1312 843 1358 gaudium
868 1311 1109 1355 suitz-—nequc
1132 1310 1219 1345 enim

168 1363 343 1409 quiequam
377 1376 502 1406 eornm,
536 1377 609 1410 quae
649 1363 739 1408 apud
774 1363 886 1397 hostes
920 1365 1111 1405 agerentur,
1144 1374 1219 1396 enm

165 1415 300 1450 fallebat
319 1418 352 1450 et
370 1415 520 1461 perfugis
546 1414 653 1450 multa
677 1414 901 1449 indicantibus
925 1416 959 1448 et
982 1426 1040 1459 per
1061 1425 1138 1447 snos
1165 1425 1220 1447 ex·
1270 1423 1274 1435 ’ν

166 1466 417 1511 plorantem—:
444 1479 519 1501 nam
545 1471 579 1502 et
605 1466 742 1501 liberam
768 1466 909 1500 Minucii
934 1465 1159 1499 temeritatem
1184 1477 1219 1499 se

165 1530 225 1552 suo
251 1518 348 1552 modo
372 1520 585 1564 captaturum
614 1520 648 1552 et
677 1517 833 1552 sollertiae
858 1516 952 1551 Fabii
977 1515 1148 1550 dimidium
1172 1515 1220 1550 vi-

134 1569 250 1605 2rium
268 1569 459 1604 decessisse.
510 1569 672 1604 Tumulus
698 1571 769 1603 crat
788 1569 875 1603 inter
899 1570 1008 1603 eastra
1025 1567 1168 1602 Minucii
1185 1569 1218 1601 et

164 1621 355 1663 Poenorum,
374 1633 471 1666 quem
490 1621 547 1666 qui
569 1622 775 1666 occupasset,
793 1619 882 1654 hand
905 1619 1005 1654 dubie
1022 1618 1218 1664 iniquiorem

132 1675 235 1709 serat
256 1672 347 1707 hosti
371 1672 479 1707 locum
504 1672 665 1706 facturus.
715 1672 802 1707 Eum
828 1683 895 1706 non
920 1674 988 1705 tam
1014 1682 1130 1715 capere
1148 1669 1219 1704 sine

163 1724 344 1759 certamine
369 1723 502 1758 volebat
527 1723 708 1764 Hannibal,
731 1735 928 1769 quamquam
954 1722 988 1756 id
1013 1733 1122 1766 operae
1147 1733 1219 1766 pre-

162 1775 247 1810 lium
265 1778 347 1818 erat,
367 1788 465 1822 quam
484 1786 617 1810 causam
635 1774 826 1810 certaminis
844 1787 918 1809 cum
937 1772 1099 1814 Minucio,
1119 1784 1217 1817 quem
