1298 1921
401 52 493 84 LIB.
516 52 635 84 XXII.
659 52 796 83 23—25.
1083 52 1124 83 95

70 94 347 173 ἒέἰῗὶιὲἒεῑθῦπ
363 130 602 173 receperatque
626 138 705 162 suos
729 127 763 161 in
781 125 891 172 priora
912 126 1033 170 castra,
1050 137 1124 172 quae

68 191 130 225 pro
161 178 320 214 Gereonii
352 178 517 214 moenibus
543 180 649 214 erant.
698 178 801 212 Justa
826 188 958 223 quoque
987 177 1057 212 acie
1089 179 1124 212 et
1138 182 1156 212 8

67 230 197 265 collatis
214 230 319 276 signis
337 229 530 265 dimicatum
556 229 691 275 quidam
708 232 862 264 auctores
888 230 990 264 sunt:
1017 227 1124 272 primo

68 293 233 316 concursu
262 281 406 316 Poenum
431 294 538 327 usque
570 280 612 316 ad
637 284 748 316 castra
771 280 896 324 fusum,
922 279 999 315 inde
1026 292 1126 324 erup-

67 333 160 367 tione
177 332 266 367 facta
289 336 429 377 repente
454 345 588 367 versum
610 335 774 367 terrorem
791 331 826 366 in
849 331 1030 373 Romanos,
1050 331 1126 365 Nu-

68 384 165 419 merii
202 384 346 419 Decimii
383 384 541 419 Samnitis
582 383 702 419 deinde
740 384 934 418 interventu
971 382 1126 428 proelium

68 435 288 470 restitutum:
330 435 419 470 hunc
456 436 641 481 principem
673 447 796 481 genere
829 446 866 469 ac
900 433 1026 469 divitiis
1058 446 1126 469 non

68 486 210 522 Boviani
232 486 341 528 modo,
366 486 455 521 unde
478 491 559 529 erat,
584 486 642 521 sed
667 490 741 521 toto
768 485 912 527 Samnio,
934 488 1035 531 jussu
1058 484 1126 520 dic-

67 538 188 573 tatoris
205 541 282 573 octo
305 538 406 572 millia
423 537 572 584 peditum
591 538 681 572 mille
704 537 835 583 equites
853 536 1074 572 adducentem
1090 536 1127 571 in

68 593 188 631 castra,
213 589 253 624 ab
277 595 373 635 tergo
399 601 502 635 quum
526 589 736 635 apparuisset
763 587 955 630 Hannibali,
980 588 1126 633 speciem

68 641 159 685 parti
175 641 310 686 utrique
334 641 514 686 praebuisse
531 640 608 674 novi
625 639 772 685 praesidii
798 651 872 675 eum
894 640 936 678 Q.
955 639 1059 674 Fabio
1084 639 1124 674 ab

69 692 180 727 Roma
205 692 381 727 venientis.
430 691 655 727 Hannibalem
680 691 878 726 insidiarum
903 703 1035 737 quoque
1067 690 1157 726 ali-9

69 743 149 789 quid
174 743 348 778 timentem
372 743 536 789 recepisse
561 755 649 784 suos,
681 743 873 777 Romanum
905 742 1125 788 insequutum

68 794 247 840 adjuvante
261 795 409 830 Samnite
426 795 492 829 duo
509 794 645 830 castella
658 806 697 829 eo
715 793 767 828 die
785 794 1006 839 expugnasse.
1057 794 1125 828 Sex
1142 800 1180 829 10

67 846 170 881 millia
195 846 340 881 hostium
368 858 463 890 caesa,
487 846 636 892 quinque
662 844 841 880 admodum
870 845 1124 881 Romanorum:

67 900 183 932 tamen
210 897 245 932 in
273 901 342 933 tam
371 898 446 943 pari
472 910 577 943 prope
606 897 699 932 clade
731 897 852 931 famam
882 896 1025 942 egregiae
1057 896 1126 931 vie-

67 949 162 984 toriae
179 961 255 985 cum
278 949 470 985 vanioribus
487 949 611 984 litteris
634 948 788 995 magistri
803 949 955 995 equitum
980 949 1125 984 Romam

68 1001 242 1046 perlatam.

106 1053 159 1088 De
176 1052 216 1087 iis
233 1053 332 1087 rebus
350 1064 498 1098 persaepe
512 1054 545 1087 et
559 1051 594 1087 in
611 1055 731 1087 senatu
748 1054 781 1087 et
795 1051 999 1087 inconcione
1010 1053 1121 1087 actum
1136 1055 1219 1097 (25)

67 1106 127 1139 est.
165 1104 280 1142 Quum
302 1103 380 1138 laeta
401 1104 538 1139 civitate
555 1103 702 1138 dictator
724 1115 812 1138 unus
835 1103 919 1138 m'hil
943 1115 1005 1138 nee
1027 1103 1123 1139 famae

66 1167 128 1190 nec
151 1155 274 1190 litteris
298 1154 459 1197 crederet,
477 1157 516 1189 ut
543 1167 621 1190 vera
643 1155 754 1189 omnia
778 1158 900 1196 essent,
921 1154 1067 1190 secunda
1089 1167 1124 1190 se

66 1206 172 1251 magis
198 1219 297 1252 quam
323 1205 462 1241 adversa
489 1207 609 1241 timere
635 1205 771 1250 diceret,
795 1209 869 1240 tum
893 1206 943 1241 M.
963 1205 1124 1241 Metellus

66 1257 223 1292 tribunus
240 1257 346 1303 plebis
363 1257 397 1292 id
414 1258 502 1292 enim
524 1257 698 1292 ferendum
717 1269 791 1292 esse
808 1263 910 1303 negat
924 1272 931 1292 ε
958 1270 1025 1292 non
1041 1270 1126 1303 prae-

66 1314 196 1344 sentem
226 1308 333 1344 solum
362 1308 561 1344 dictatorem
585 1308 758 1344 obstitisse
787 1309 836 1343 rei
861 1308 945 1343 bene
970 1309 1124 1355 gerendae

65 1360 126 1395 sed
143 1360 315 1395 absentem
337 1361 439 1395 etiam
456 1363 561 1406 gestae
585 1359 730 1402 obstare,
749 1362 784 1395 et
809 1360 843 1394 in
861 1359 1013 1395 ducendo
1038 1361 1123 1396 bello

65 1423 104 1446 ac
126 1411 242 1446 sedulo
266 1415 400 1457 tempus
423 1415 533 1447 terere
556 1423 622 1458 quo
647 1411 776 1446 diutius
793 1411 828 1446 in
854 1412 1056 1458 magistratu
1079 1413 1124 1447 sit

65 1462 223 1508 solusque
249 1466 283 1498 et
313 1463 430 1499 Romae
458 1466 493 1498 et
521 1463 557 1498 in
589 1464 741 1498 exercitu
768 1462 945 1508 imperium
979 1463 1123 1499 habeat:

64 1514 190 1559 quippe
223 1514 397 1549 consulum
429 1514 572 1549 alterum
605 1516 640 1549 in
673 1514 743 1549 acie
776 1514 946 1558 cecidisse,
980 1516 1120 1550 alterum

64 1565 175 1610 specie
192 1565 307 1600 classis
329 1566 466 1601 Punicae
487 1565 726 1612 persequendae
749 1565 865 1611 procul
882 1566 922 1601 ab
940 1566 1042 1601 ltalia
1066 1567 1119 1602 ab·

63 1615 234 1661 legatum:
273 1617 358 1653 duos
388 1620 547 1663 praetores
576 1617 688 1652 Sicilia
714 1619 815 1663 atque
845 1617 998 1652 Sardinia
1025 1631 1123 1653 occu-

63 1670 171 1713 patos,
199 1681 341 1714 quorum
369 1673 490 1704 neutra
515 1669 578 1704 hoc
604 1672 754 1715 tempore
780 1669 952 1715 provincia
980 1674 1122 1715 praetore

63 1722 181 1764 egeat:
217 1720 267 1755 M.
286 1720 476 1755 Minucium
508 1720 707 1767 magistrum
733 1720 897 1766 equitum,
921 1733 964 1756 ne
990 1721 1120 1756 hostem

64 1769 202 1813 videret,
220 1783 263 1806 ne
280 1771 360 1818 quid
377 1772 425 1807 rei
447 1771 572 1807 bellicae
589 1775 732 1818 gereret,
751 1783 854 1818 prope
877 1771 912 1807 in
935 1772 1122 1808 custodiam
