<?xml version="1.0" encoding="UTF-8"?>
<!DOCTYPE html PUBLIC "-//W3C//DTD XHTML 1.0 Transitional//EN"
    "http://www.w3.org/TR/xhtml1/DTD/xhtml1-transitional.dtd">
<html xmlns="http://www.w3.org/1999/xhtml" xml:lang="en" lang="en">
 <head>
  <title>
</title>
<meta http-equiv="Content-Type" content="text/html;charset=utf-8" />
  <meta name='ocr-system' content='tesseract 3.04.00' />
  <meta name='ocr-capabilities' content='ocr_page ocr_carea ocr_par ocr_line ocrx_word'/>
</head>
<body>
  <div class='ocr_page' id='page_1' title='image "./booksxxixxivwith00livyuoft_0204.png"; bbox 0 0 1298 1921; ppageno 0'>
   <div class='ocr_carea' id='block_1_1' title="bbox 391 0 1298 56">
    <p class='ocr_par' dir='ltr' id='par_1_1' title="bbox 391 0 1298 56">
     <span class='ocr_line' id='line_1_1' title="bbox 391 0 1298 56; baseline 0 1865"><span class='ocrx_word' id='word_1_1' title='bbox 391 0 1298 56; x_wconf 95' lang='lat' dir='ltr'><strong> </strong></span> 
     </span>
    </p>
   </div>
   <div class='ocr_carea' id='block_1_2' title="bbox 183 68 1210 146">
    <p class='ocr_par' dir='ltr' id='par_1_2' title="bbox 183 68 1210 146">
     <span class='ocr_line' id='line_1_2' title="bbox 183 68 1210 146; baseline -0.001 -44"><span class='ocrx_word' id='word_1_2' title='bbox 183 73 241 102; x_wconf 81' lang='lat'><strong>182</strong></span> <span class='ocrx_word' id='word_1_3' title='bbox 429 71 465 101; x_wconf 92' lang='lat' dir='ltr'><strong>T.</strong></span> <span class='ocrx_word' id='word_1_4' title='bbox 485 68 601 100; x_wconf 86' lang='lat' dir='ltr'>L1V11</span> <span class='ocrx_word' id='word_1_5' title='bbox 632 69 965 101; x_wconf 72' lang='lat' dir='ltr'><strong>HISTORIARUM</strong></span> <span class='ocrx_word' id='word_1_6' title='bbox 1062 112 1097 146; x_wconf 80' lang='lat' dir='ltr'><strong>[A</strong></span> <span class='ocrx_word' id='word_1_7' title='bbox 1121 113 1141 137; x_wconf 74' lang='lat' dir='ltr'><strong>c</strong></span> <span class='ocrx_word' id='word_1_8' title='bbox 1163 113 1210 137; x_wconf 71' lang='lat'><strong>21¹·</strong></span> 
     </span>
    </p>
   </div>
   <div class='ocr_carea' id='block_1_3' title="bbox 88 145 1278 1674">
    <p class='ocr_par' dir='ltr' id='par_1_3' title="bbox 88 145 1278 1674">
     <span class='ocr_line' id='line_1_3' title="bbox 177 145 1222 191; baseline 0 -11"><span class='ocrx_word' id='word_1_9' title='bbox 177 146 316 180; x_wconf 77' lang='lat' dir='ltr'><strong>Cumani</strong></span> <span class='ocrx_word' id='word_1_10' title='bbox 347 145 557 189; x_wconf 83' lang='lat' dir='ltr'><strong>nuntiarunt,</strong></span> <span class='ocrx_word' id='word_1_11' title='bbox 587 158 660 191; x_wconf 79' lang='lat' dir='ltr'><strong>quae</strong></span> <span class='ocrx_word' id='word_1_12' title='bbox 693 158 712 180; x_wconf 83' lang='lat' dir='ltr'><strong>a</strong></span> <span class='ocrx_word' id='word_1_13' title='bbox 741 146 918 191; x_wconf 80' lang='lat' dir='ltr'><strong>Campanis</strong></span> <span class='ocrx_word' id='word_1_14' title='bbox 947 146 1071 191; x_wconf 76' lang='lat' dir='ltr'><strong>legatio</strong></span> <span class='ocrx_word' id='word_1_15' title='bbox 1100 158 1222 191; x_wconf 82' lang='lat' dir='ltr'><strong>paucos</strong></span> 
     </span>
     <span class='ocr_line' id='line_1_4' title="bbox 176 197 1223 243; baseline 0 -12"><span class='ocrx_word' id='word_1_16' title='bbox 176 201 254 231; x_wconf 85' lang='lat' dir='ltr'><strong>ante</strong></span> <span class='ocrx_word' id='word_1_17' title='bbox 279 197 348 231; x_wconf 85' lang='lat' dir='ltr'><strong>dies</strong></span> <span class='ocrx_word' id='word_1_18' title='bbox 374 197 520 231; x_wconf 83' lang='lat' dir='ltr'><strong>venisset</strong></span> <span class='ocrx_word' id='word_1_19' title='bbox 545 199 578 232; x_wconf 90' lang='lat' dir='ltr'><strong>et</strong></span> <span class='ocrx_word' id='word_1_20' title='bbox 604 197 683 242; x_wconf 83' lang='lat' dir='ltr'><strong>quid</strong></span> <span class='ocrx_word' id='word_1_21' title='bbox 708 197 748 232; x_wconf 90' lang='lat' dir='ltr'><strong>iis</strong></span> <span class='ocrx_word' id='word_1_22' title='bbox 773 198 836 243; x_wconf 84' lang='lat' dir='ltr'><strong>ipsi</strong></span> <span class='ocrx_word' id='word_1_23' title='bbox 860 198 1131 243; x_wconf 79' lang='lat' dir='ltr'><strong>respondissent:</strong></span> <span class='ocrx_word' id='word_1_24' title='bbox 1165 197 1223 231; x_wconf 87' lang='lat' dir='ltr'><strong>tri-</strong></span> 
     </span>
     <span class='ocr_line' id='line_1_5' title="bbox 177 247 1221 293; baseline 0 -11"><span class='ocrx_word' id='word_1_25' title='bbox 177 247 280 282; x_wconf 89' lang='lat' dir='ltr'><strong>duum</strong></span> <span class='ocrx_word' id='word_1_26' title='bbox 297 251 373 293; x_wconf 85' lang='lat' dir='ltr'><strong>post</strong></span> <span class='ocrx_word' id='word_1_27' title='bbox 391 261 466 282; x_wconf 84' lang='lat' dir='ltr'><strong>eum</strong></span> <span class='ocrx_word' id='word_1_28' title='bbox 490 248 574 282; x_wconf 82' lang='lat' dir='ltr'><strong>diem</strong></span> <span class='ocrx_word' id='word_1_29' title='bbox 600 248 724 283; x_wconf 85' lang='lat' dir='ltr'><strong>festum</strong></span> <span class='ocrx_word' id='word_1_30' title='bbox 747 260 830 290; x_wconf 84' lang='lat' dir='ltr'><strong>esse,</strong></span> <span class='ocrx_word' id='word_1_31' title='bbox 849 261 915 282; x_wconf 91' lang='lat' dir='ltr'><strong>non</strong></span> <span class='ocrx_word' id='word_1_32' title='bbox 939 252 1092 283; x_wconf 81' lang='lat' dir='ltr'><strong>senatum</strong></span> <span class='ocrx_word' id='word_1_33' title='bbox 1116 247 1221 282; x_wconf 87' lang='lat' dir='ltr'><strong>solum</strong></span> 
     </span>
     <span class='ocr_line' id='line_1_6' title="bbox 176 298 1224 335; baseline -0.001 -2"><span class='ocrx_word' id='word_1_34' title='bbox 176 310 307 333; x_wconf 84' lang='lat' dir='ltr'><strong>omnem</strong></span> <span class='ocrx_word' id='word_1_35' title='bbox 325 299 370 334; x_wconf 90' lang='lat' dir='ltr'><strong>ibi</strong></span> <span class='ocrx_word' id='word_1_36' title='bbox 389 299 540 333; x_wconf 85' lang='lat' dir='ltr'><strong>futurum</strong></span> <span class='ocrx_word' id='word_1_37' title='bbox 560 298 617 333; x_wconf 87' lang='lat' dir='ltr'><strong>sed</strong></span> <span class='ocrx_word' id='word_1_38' title='bbox 634 302 744 334; x_wconf 82' lang='lat' dir='ltr'><strong>castra</strong></span> <span class='ocrx_word' id='word_1_39' title='bbox 761 300 860 334; x_wconf 80' lang='lat' dir='ltr'><strong>etiam</strong></span> <span class='ocrx_word' id='word_1_40' title='bbox 879 303 913 334; x_wconf 87' lang='lat' dir='ltr'><strong>et</strong></span> <span class='ocrx_word' id='word_1_41' title='bbox 931 300 1114 335; x_wconf 74' lang='lat' dir='ltr'><strong>exercitum</strong></span> <span class='ocrx_word' id='word_1_42' title='bbox 1129 299 1224 333; x_wconf 85' lang='lat' dir='ltr'><strong>Cam-</strong></span> 
     </span>
     <span class='ocr_line' id='line_1_7' title="bbox 147 350 1224 396; baseline 0 -12"><span class='ocrx_word' id='word_1_43' title='bbox 147 359 165 388; x_wconf 78' lang='lat'><strong>9</strong></span> <span class='ocrx_word' id='word_1_44' title='bbox 177 362 310 395; x_wconf 80' lang='lat' dir='ltr'><strong>panum.</strong></span> <span class='ocrx_word' id='word_1_45' title='bbox 361 350 531 385; x_wconf 78' lang='lat' dir='ltr'><strong>Gracchus</strong></span> <span class='ocrx_word' id='word_1_46' title='bbox 553 350 656 395; x_wconf 87' lang='lat' dir='ltr'><strong>jussis</strong></span> <span class='ocrx_word' id='word_1_47' title='bbox 682 351 839 385; x_wconf 79' lang='lat' dir='ltr'><strong>Cumanis</strong></span> <span class='ocrx_word' id='word_1_48' title='bbox 864 351 975 385; x_wconf 85' lang='lat' dir='ltr'><strong>omnia</strong></span> <span class='ocrx_word' id='word_1_49' title='bbox 1007 363 1050 386; x_wconf 84' lang='lat' dir='ltr'><strong>ex</strong></span> <span class='ocrx_word' id='word_1_50' title='bbox 1076 351 1164 396; x_wconf 82' lang='lat' dir='ltr'><strong>agris</strong></span> <span class='ocrx_word' id='word_1_51' title='bbox 1188 350 1224 384; x_wconf 87' lang='lat' dir='ltr'><strong>in</strong></span> 
     </span>
     <span class='ocr_line' id='line_1_8' title="bbox 176 401 1224 447; baseline 0 -12"><span class='ocrx_word' id='word_1_52' title='bbox 176 401 293 435; x_wconf 83' lang='lat' dir='ltr'><strong>urbem</strong></span> <span class='ocrx_word' id='word_1_53' title='bbox 317 401 501 436; x_wconf 73' lang='lat' dir='ltr'><strong>convehere</strong></span> <span class='ocrx_word' id='word_1_54' title='bbox 527 404 560 435; x_wconf 86' lang='lat' dir='ltr'><strong>et</strong></span> <span class='ocrx_word' id='word_1_55' title='bbox 589 414 722 436; x_wconf 82' lang='lat' dir='ltr'><strong>manere</strong></span> <span class='ocrx_word' id='word_1_56' title='bbox 746 402 835 436; x_wconf 80' lang='lat' dir='ltr'><strong>intra</strong></span> <span class='ocrx_word' id='word_1_57' title='bbox 866 410 988 443; x_wconf 83' lang='lat' dir='ltr'><strong>murOS,</strong></span> <span class='ocrx_word' id='word_1_58' title='bbox 1014 402 1085 447; x_wconf 88' lang='lat' dir='ltr'><strong>ipse</strong></span> <span class='ocrx_word' id='word_1_59' title='bbox 1118 401 1224 447; x_wconf 80' lang='lat' dir='ltr'>pridie</span> 
     </span>
     <span class='ocr_line' id='line_1_9' title="bbox 177 453 1224 498; baseline 0.001 -12"><span class='ocrx_word' id='word_1_60' title='bbox 177 465 274 497; x_wconf 82' lang='lat' dir='ltr'><strong>quam</strong></span> <span class='ocrx_word' id='word_1_61' title='bbox 293 456 420 487; x_wconf 82' lang='lat' dir='ltr'><strong>statum</strong></span> <span class='ocrx_word' id='word_1_62' title='bbox 444 453 640 487; x_wconf 82' lang='lat' dir='ltr'><strong>sacrificium</strong></span> <span class='ocrx_word' id='word_1_63' title='bbox 660 453 950 498; x_wconf 77' lang='lat' dir='ltr'><strong>Cainpanis·esset</strong></span> <span class='ocrx_word' id='word_1_64' title='bbox 968 453 1090 488; x_wconf 88' lang='lat' dir='ltr'><strong>Cumas</strong></span> <span class='ocrx_word' id='word_1_65' title='bbox 1113 456 1224 487; x_wconf 85' lang='lat' dir='ltr'><strong>movet</strong></span> 
     </span>
     <span class='ocr_line' id='line_1_10' title="bbox 129 503 1224 549; baseline 0 -11"><span class='ocrx_word' id='word_1_66' title='bbox 129 511 166 539; x_wconf 89' lang='lat'><strong>10</strong></span> <span class='ocrx_word' id='word_1_67' title='bbox 178 507 297 538; x_wconf 82' lang='lat' dir='ltr'><strong>castra.</strong></span> <span class='ocrx_word' id='word_1_68' title='bbox 347 504 467 538; x_wconf 78' lang='lat' dir='ltr'><strong>Hamae</strong></span> <span class='ocrx_word' id='word_1_69' title='bbox 485 503 560 538; x_wconf 85' lang='lat' dir='ltr'><strong>inde</strong></span> <span class='ocrx_word' id='word_1_70' title='bbox 578 504 644 538; x_wconf 82' lang='lat' dir='ltr'><strong>tria</strong></span> <span class='ocrx_word' id='word_1_71' title='bbox 665 504 767 538; x_wconf 79' lang='lat' dir='ltr'><strong>millia</strong></span> <span class='ocrx_word' id='word_1_72' title='bbox 783 516 941 549; x_wconf 78' lang='lat' dir='ltr'><strong>passuum</strong></span> <span class='ocrx_word' id='word_1_73' title='bbox 967 504 1099 538; x_wconf 83' lang='lat' dir='ltr'><strong>absunt.</strong></span> <span class='ocrx_word' id='word_1_74' title='bbox 1148 504 1224 538; x_wconf 84' lang='lat' dir='ltr'><strong>Jam</strong></span> 
     </span>
     <span class='ocr_line' id='line_1_11' title="bbox 129 555 1225 600; baseline 0.002 -13"><span class='ocrx_word' id='word_1_75' title='bbox 129 559 164 587; x_wconf 32' lang='lat'><strong>1⁷1</strong></span> <span class='ocrx_word' id='word_1_76' title='bbox 179 555 338 600; x_wconf 80' lang='lat' dir='ltr'><strong>Campani</strong></span> <span class='ocrx_word' id='word_1_77' title='bbox 362 567 400 589; x_wconf 84' lang='lat' dir='ltr'><strong>eo</strong></span> <span class='ocrx_word' id='word_1_78' title='bbox 423 555 615 600; x_wconf 82' lang='lat' dir='ltr'><strong>frequentes</strong></span> <span class='ocrx_word' id='word_1_79' title='bbox 639 567 679 589; x_wconf 76' lang='lat' dir='ltr'><strong>ex</strong></span> <span class='ocrx_word' id='word_1_80' title='bbox 703 555 888 600; x_wconf 86' lang='lat' dir='ltr'><strong>composito</strong></span> <span class='ocrx_word' id='word_1_81' title='bbox 912 558 1144 596; x_wconf 84' lang='lat' dir='ltr'><strong>convenerant,</strong></span> <span class='ocrx_word' id='word_1_82' title='bbox 1163 567 1225 589; x_wconf 79' lang='lat' dir='ltr'><strong>nec</strong></span> 
     </span>
     <span class='ocr_line' id='line_1_12' title="bbox 178 605 1226 651; baseline 0 -11"><span class='ocrx_word' id='word_1_83' title='bbox 178 606 293 651; x_wconf 87' lang='lat' dir='ltr'><strong>procul</strong></span> <span class='ocrx_word' id='word_1_84' title='bbox 322 605 398 640; x_wconf 83' lang='lat' dir='ltr'><strong>inde</strong></span> <span class='ocrx_word' id='word_1_85' title='bbox 427 606 462 640; x_wconf 88' lang='lat' dir='ltr'><strong>in</strong></span> <span class='ocrx_word' id='word_1_86' title='bbox 490 606 620 640; x_wconf 86' lang='lat' dir='ltr'><strong>occulto</strong></span> <span class='ocrx_word' id='word_1_87' title='bbox 647 607 777 640; x_wconf 81' lang='lat' dir='ltr'><strong>Marius</strong></span> <span class='ocrx_word' id='word_1_88' title='bbox 806 607 911 640; x_wconf 87' lang='lat' dir='ltr'><strong>Alfius</strong></span> <span class='ocrx_word' id='word_1_89' title='bbox 938 606 1226 641; x_wconf 79' lang='lat' dir='ltr'><strong>medixtuticns—</strong></span> 
     </span>
     <span class='ocr_line' id='line_1_13' title="bbox 177 657 1226 703; baseline 0 -12"><span class='ocrx_word' id='word_1_90' title='bbox 177 669 328 691; x_wconf 84' lang='lat' dir='ltr'><strong>summus</strong></span> <span class='ocrx_word' id='word_1_91' title='bbox 362 657 580 702; x_wconf 79' lang='lat' dir='ltr'><strong>magistratus</strong></span> <span class='ocrx_word' id='word_1_92' title='bbox 614 660 684 691; x_wconf 81' lang='lat' dir='ltr'><strong>erat</strong></span> <span class='ocrx_word' id='word_1_93' title='bbox 715 657 1017 703; x_wconf 76' lang='lat' dir='ltr'><strong>Cmnpanis—-cum</strong></span> <span class='ocrx_word' id='word_1_94' title='bbox 1051 660 1226 702; x_wconf 83' lang='lat' dir='ltr'><strong>quattuor-</strong></span> 
     </span>
     <span class='ocr_line' id='line_1_14' title="bbox 178 708 1226 753; baseline -0.001 -11"><span class='ocrx_word' id='word_1_95' title='bbox 178 708 283 743; x_wconf 67' lang='lat' dir='ltr'><strong>decim</strong></span> <span class='ocrx_word' id='word_1_96' title='bbox 302 708 446 743; x_wconf 89' lang='lat' dir='ltr'><strong>millibus</strong></span> <span class='ocrx_word' id='word_1_97' title='bbox 470 712 673 743; x_wconf 79' lang='lat' dir='ltr'><strong>armatorum</strong></span> <span class='ocrx_word' id='word_1_98' title='bbox 691 708 834 743; x_wconf 80' lang='lat' dir='ltr'><strong>habebat</strong></span> <span class='ocrx_word' id='word_1_99' title='bbox 852 712 969 750; x_wconf 81' lang='lat' dir='ltr'><strong>castra,</strong></span> <span class='ocrx_word' id='word_1_100' title='bbox 987 708 1146 743; x_wconf 83' lang='lat' dir='ltr'><strong>sacrificio</strong></span> <span class='ocrx_word' id='word_1_101' title='bbox 1169 721 1226 753; x_wconf 81' lang='lat' dir='ltr'><strong>ap-</strong></span> 
     </span>
     <span class='ocr_line' id='line_1_15' title="bbox 177 759 1224 804; baseline 0 -11"><span class='ocrx_word' id='word_1_102' title='bbox 177 759 324 804; x_wconf 76' lang='lat' dir='ltr'><strong>parando</strong></span> <span class='ocrx_word' id='word_1_103' title='bbox 342 763 376 794; x_wconf 86' lang='lat' dir='ltr'><strong>ct</strong></span> <span class='ocrx_word' id='word_1_104' title='bbox 399 760 487 794; x_wconf 81' lang='lat' dir='ltr'><strong>inter</strong></span> <span class='ocrx_word' id='word_1_105' title='bbox 508 759 542 794; x_wconf 87' lang='lat' dir='ltr'><strong>id</strong></span> <span class='ocrx_word' id='word_1_106' title='bbox 566 759 769 794; x_wconf 74' lang='lat' dir='ltr'><strong>instruendae</strong></span> <span class='ocrx_word' id='word_1_107' title='bbox 793 759 901 794; x_wconf 78' lang='lat' dir='ltr'><strong>fraudi</strong></span> <span class='ocrx_word' id='word_1_108' title='bbox 927 760 1096 804; x_wconf 81' lang='lat' dir='ltr'><strong>aliquanto</strong></span> <span class='ocrx_word' id='word_1_109' title='bbox 1113 759 1224 794; x_wconf 85' lang='lat' dir='ltr'><strong>inten-</strong></span> 
     </span>
     <span class='ocr_line' id='line_1_16' title="bbox 177 810 1224 856; baseline -0.001 -11"><span class='ocrx_word' id='word_1_110' title='bbox 177 811 244 845; x_wconf 85' lang='lat' dir='ltr'><strong>tior</strong></span> <span class='ocrx_word' id='word_1_111' title='bbox 273 823 371 856; x_wconf 82' lang='lat' dir='ltr'><strong>quam</strong></span> <span class='ocrx_word' id='word_1_112' title='bbox 404 810 591 845; x_wconf 75' lang='lat' dir='ltr'><strong>muniendis</strong></span> <span class='ocrx_word' id='word_1_113' title='bbox 625 811 742 845; x_wconf 79' lang='lat' dir='ltr'><strong>castris</strong></span> <span class='ocrx_word' id='word_1_114' title='bbox 776 814 834 845; x_wconf 80' lang='lat' dir='ltr'><strong>aut</strong></span> <span class='ocrx_word' id='word_1_115' title='bbox 867 810 926 845; x_wconf 90' lang='lat' dir='ltr'><strong>ulli</strong></span> <span class='ocrx_word' id='word_1_116' title='bbox 957 810 1093 845; x_wconf 83' lang='lat' dir='ltr'><strong>militari</strong></span> <span class='ocrx_word' id='word_1_117' title='bbox 1121 810 1224 855; x_wconf 86' lang='lat' dir='ltr'><strong>operi.</strong></span> 
     </span>
     <span class='ocr_line' id='line_1_17' title="bbox 130 861 1225 896; baseline -0.001 0"><span class='ocrx_word' id='word_1_118' title='bbox 130 867 166 895; x_wconf 78' lang='lat'><strong>12</strong></span> <span class='ocrx_word' id='word_1_119' title='bbox 178 862 338 896; x_wconf 86' lang='lat' dir='ltr'><strong>Triduum</strong></span> <span class='ocrx_word' id='word_1_120' title='bbox 377 862 597 896; x_wconf 81' lang='lat' dir='ltr'><strong>sacrificatum</strong></span> <span class='ocrx_word' id='word_1_121' title='bbox 639 861 681 896; x_wconf 87' lang='lat' dir='ltr'><strong>ad</strong></span> <span class='ocrx_word' id='word_1_122' title='bbox 718 862 869 896; x_wconf 80' lang='lat' dir='ltr'><strong>Hamas:</strong></span> <span class='ocrx_word' id='word_1_123' title='bbox 911 865 1114 896; x_wconf 86' lang='lat' dir='ltr'><strong>nocturnum</strong></span> <span class='ocrx_word' id='word_1_124' title='bbox 1153 865 1225 895; x_wconf 83' lang='lat' dir='ltr'><strong>erat</strong></span> 
     </span>
     <span class='ocr_line' id='line_1_18' title="bbox 131 912 1226 957; baseline -0.001 -10"><span class='ocrx_word' id='word_1_125' title='bbox 131 919 166 947; x_wconf 76' lang='lat'><strong>13</strong></span> <span class='ocrx_word' id='word_1_126' title='bbox 179 926 308 947; x_wconf 78' lang='lat' dir='ltr'><strong>sacrum</strong></span> <span class='ocrx_word' id='word_1_127' title='bbox 327 913 374 947; x_wconf 83' lang='lat' dir='ltr'><strong>ita</strong></span> <span class='ocrx_word' id='word_1_128' title='bbox 390 916 428 947; x_wconf 87' lang='lat' dir='ltr'><strong>ut</strong></span> <span class='ocrx_word' id='word_1_129' title='bbox 447 918 523 947; x_wconf 82' lang='lat' dir='ltr'><strong>ante</strong></span> <span class='ocrx_word' id='word_1_130' title='bbox 541 912 683 947; x_wconf 71' lang='lat' dir='ltr'><strong>mediam</strong></span> <span class='ocrx_word' id='word_1_131' title='bbox 701 916 832 948; x_wconf 85' lang='lat' dir='ltr'><strong>noctem</strong></span> <span class='ocrx_word' id='word_1_132' title='bbox 850 913 1083 957; x_wconf 73' lang='lat' dir='ltr'><strong>compleretur.</strong></span> <span class='ocrx_word' id='word_1_133' title='bbox 1133 913 1226 947; x_wconf 86' lang='lat' dir='ltr'><strong>Huic</strong></span> 
     </span>
     <span class='ocr_line' id='line_1_19' title="bbox 179 963 1227 1009; baseline 0 -11"><span class='ocrx_word' id='word_1_134' title='bbox 179 964 349 998; x_wconf 73' lang='lat' dir='ltr'><strong>Gracchus</strong></span> <span class='ocrx_word' id='word_1_135' title='bbox 383 963 604 998; x_wconf 74' lang='lat' dir='ltr'><strong>insidiandum</strong></span> <span class='ocrx_word' id='word_1_136' title='bbox 641 964 784 1009; x_wconf 77' lang='lat' dir='ltr'><strong>tempori</strong></span> <span class='ocrx_word' id='word_1_137' title='bbox 816 967 919 1006; x_wconf 80' lang='lat' dir='ltr'><strong>ratus,</strong></span> <span class='ocrx_word' id='word_1_138' title='bbox 955 963 1150 998; x_wconf 80' lang='lat' dir='ltr'><strong>custodibus</strong></span> <span class='ocrx_word' id='word_1_139' title='bbox 1185 963 1227 999; x_wconf 82' lang='lat' dir='ltr'><strong>ad</strong></span> 
     </span>
     <span class='ocr_line' id='line_1_20' title="bbox 177 1014 1227 1060; baseline 0 -11"><span class='ocrx_word' id='word_1_140' title='bbox 177 1021 291 1060; x_wconf 80' lang='lat' dir='ltr'><strong>portas</strong></span> <span class='ocrx_word' id='word_1_141' title='bbox 317 1015 444 1060; x_wconf 84' lang='lat' dir='ltr'><strong>positis,</strong></span> <span class='ocrx_word' id='word_1_142' title='bbox 471 1027 513 1049; x_wconf 85' lang='lat' dir='ltr'><strong>nc</strong></span> <span class='ocrx_word' id='word_1_143' title='bbox 538 1015 611 1060; x_wconf 86' lang='lat' dir='ltr'><strong>quis</strong></span> <span class='ocrx_word' id='word_1_144' title='bbox 637 1015 811 1049; x_wconf 82' lang='lat' dir='ltr'><strong>enuntiare</strong></span> <span class='ocrx_word' id='word_1_145' title='bbox 835 1018 949 1060; x_wconf 86' lang='lat' dir='ltr'><strong>posset</strong></span> <span class='ocrx_word' id='word_1_146' title='bbox 974 1017 1092 1060; x_wconf 83' lang='lat' dir='ltr'><strong>coepta,</strong></span> <span class='ocrx_word' id='word_1_147' title='bbox 1118 1017 1152 1049; x_wconf 86' lang='lat' dir='ltr'><strong>et</strong></span> <span class='ocrx_word' id='word_1_148' title='bbox 1185 1014 1227 1049; x_wconf 80' lang='lat' dir='ltr'><strong>ad</strong></span> 
     </span>
     <span class='ocr_line' id='line_1_21' title="bbox 178 1066 1227 1112; baseline 0 -12"><span class='ocrx_word' id='word_1_149' title='bbox 178 1066 341 1101; x_wconf 81' lang='lat' dir='ltr'><strong>decimam</strong></span> <span class='ocrx_word' id='word_1_150' title='bbox 371 1066 437 1101; x_wconf 83' lang='lat' dir='ltr'><strong>diei</strong></span> <span class='ocrx_word' id='word_1_151' title='bbox 465 1066 580 1100; x_wconf 82' lang='lat' dir='ltr'><strong>horam</strong></span> <span class='ocrx_word' id='word_1_152' title='bbox 605 1067 728 1101; x_wconf 77' lang='lat' dir='ltr'><strong>coactis</strong></span> <span class='ocrx_word' id='word_1_153' title='bbox 753 1066 916 1101; x_wconf 86' lang='lat' dir='ltr'><strong>militibus</strong></span> <span class='ocrx_word' id='word_1_154' title='bbox 946 1078 1085 1112; x_wconf 80' lang='lat' dir='ltr'><strong>corpora</strong></span> <span class='ocrx_word' id='word_1_155' title='bbox 1110 1078 1227 1101; x_wconf 83' lang='lat' dir='ltr'><strong>curare</strong></span> 
     </span>
     <span class='ocr_line' id='line_1_22' title="bbox 178 1117 1226 1163; baseline 0 -12"><span class='ocrx_word' id='word_1_156' title='bbox 178 1130 362 1162; x_wconf 79' lang='lat' dir='ltr'><strong>somnoque</strong></span> <span class='ocrx_word' id='word_1_157' title='bbox 384 1129 515 1163; x_wconf 80' lang='lat' dir='ltr'><strong>operam</strong></span> <span class='ocrx_word' id='word_1_158' title='bbox 534 1117 612 1152; x_wconf 79' lang='lat' dir='ltr'><strong>dare</strong></span> <span class='ocrx_word' id='word_1_159' title='bbox 629 1120 667 1151; x_wconf 92' lang='lat' dir='ltr'><strong>ut</strong></span> <span class='ocrx_word' id='word_1_160' title='bbox 686 1118 799 1162; x_wconf 87' lang='lat' dir='ltr'><strong>primis</strong></span> <span class='ocrx_word' id='word_1_161' title='bbox 823 1117 972 1152; x_wconf 85' lang='lat' dir='ltr'><strong>tenebris</strong></span> <span class='ocrx_word' id='word_1_162' title='bbox 989 1118 1166 1152; x_wconf 81' lang='lat' dir='ltr'><strong>convenire</strong></span> <span class='ocrx_word' id='word_1_163' title='bbox 1184 1117 1226 1151; x_wconf 86' lang='lat' dir='ltr'><strong>ad</strong></span> 
     </span>
     <span class='ocr_line' id='line_1_23' title="bbox 178 1169 1225 1214; baseline 0 -11"><span class='ocrx_word' id='word_1_164' title='bbox 178 1170 310 1214; x_wconf 73' lang='lat' dir='ltr'><strong>signum</strong></span> <span class='ocrx_word' id='word_1_165' title='bbox 336 1172 483 1214; x_wconf 83' lang='lat' dir='ltr'><strong>possent,</strong></span> <span class='ocrx_word' id='word_1_166' title='bbox 507 1169 620 1214; x_wconf 72' lang='lat' dir='ltr'><strong>vigilia</strong></span> <span class='ocrx_word' id='word_1_167' title='bbox 643 1169 746 1203; x_wconf 76' lang='lat' dir='ltr'><strong>ferme</strong></span> <span class='ocrx_word' id='word_1_168' title='bbox 771 1169 878 1214; x_wconf 77' lang='lat' dir='ltr'><strong>prima</strong></span> <span class='ocrx_word' id='word_1_169' title='bbox 899 1169 972 1203; x_wconf 87' lang='lat' dir='ltr'><strong>tolli</strong></span> <span class='ocrx_word' id='word_1_170' title='bbox 992 1169 1096 1213; x_wconf 83' lang='lat' dir='ltr'><strong>jussit</strong></span> <span class='ocrx_word' id='word_1_171' title='bbox 1120 1169 1225 1213; x_wconf 75' lang='lat' dir='ltr'><strong>signa,</strong></span> 
     </span>
     <span class='ocr_line' id='line_1_24' title="bbox 178 1220 1228 1266; baseline 0 -12"><span class='ocrx_word' id='word_1_172' title='bbox 178 1220 356 1266; x_wconf 88' lang='lat' dir='ltr'><strong>silentique</strong></span> <span class='ocrx_word' id='word_1_173' title='bbox 390 1220 561 1266; x_wconf 82' lang='lat' dir='ltr'><strong>profectus</strong></span> <span class='ocrx_word' id='word_1_174' title='bbox 591 1220 722 1265; x_wconf 70' lang='lat' dir='ltr'><strong>agmine</strong></span> <span class='ocrx_word' id='word_1_175' title='bbox 751 1232 854 1265; x_wconf 85' lang='lat' dir='ltr'><strong>quum</strong></span> <span class='ocrx_word' id='word_1_176' title='bbox 888 1220 930 1254; x_wconf 80' lang='lat' dir='ltr'><strong>ad</strong></span> <span class='ocrx_word' id='word_1_177' title='bbox 958 1221 1086 1254; x_wconf 83' lang='lat' dir='ltr'><strong>Hamas</strong></span> <span class='ocrx_word' id='word_1_178' title='bbox 1119 1220 1228 1254; x_wconf 77' lang='lat' dir='ltr'><strong>media</strong></span> 
     </span>
     <span class='ocr_line' id='line_1_25' title="bbox 177 1270 1228 1317; baseline -0.001 -12"><span class='ocrx_word' id='word_1_179' title='bbox 177 1275 276 1306; x_wconf 83' lang='lat' dir='ltr'><strong>nocte</strong></span> <span class='ocrx_word' id='word_1_180' title='bbox 299 1271 516 1317; x_wconf 80' lang='lat' dir='ltr'><strong>pervenisset,</strong></span> <span class='ocrx_word' id='word_1_181' title='bbox 536 1274 646 1306; x_wconf 78' lang='lat' dir='ltr'><strong>castra</strong></span> <span class='ocrx_word' id='word_1_182' title='bbox 664 1271 832 1316; x_wconf 81' lang='lat' dir='ltr'><strong>Campana</strong></span> <span class='ocrx_word' id='word_1_183' title='bbox 848 1274 887 1305; x_wconf 85' lang='lat' dir='ltr'><strong>nt</strong></span> <span class='ocrx_word' id='word_1_184' title='bbox 904 1271 938 1305; x_wconf 85' lang='lat' dir='ltr'><strong>in</strong></span> <span class='ocrx_word' id='word_1_185' title='bbox 955 1270 1129 1316; x_wconf 74' lang='lat' dir='ltr'><strong>pervigilio</strong></span> <span class='ocrx_word' id='word_1_186' title='bbox 1147 1283 1228 1316; x_wconf 74' lang='lat' dir='ltr'><strong>neg-</strong></span> 
     </span>
     <span class='ocr_line' id='line_1_26' title="bbox 178 1322 1226 1367; baseline 0.001 -12"><span class='ocrx_word' id='word_1_187' title='bbox 178 1323 264 1356; x_wconf 76' lang='lat' dir='ltr'><strong>lecta</strong></span> <span class='ocrx_word' id='word_1_188' title='bbox 282 1323 381 1357; x_wconf 89' lang='lat' dir='ltr'><strong>simul</strong></span> <span class='ocrx_word' id='word_1_189' title='bbox 398 1322 551 1357; x_wconf 90' lang='lat' dir='ltr'><strong>omnibus</strong></span> <span class='ocrx_word' id='word_1_190' title='bbox 575 1323 682 1367; x_wconf 87' lang='lat' dir='ltr'><strong>portis</strong></span> <span class='ocrx_word' id='word_1_191' title='bbox 701 1322 838 1363; x_wconf 75' lang='lat' dir='ltr'><strong>invadit,</strong></span> <span class='ocrx_word' id='word_1_192' title='bbox 858 1322 938 1356; x_wconf 82' lang='lat' dir='ltr'><strong>alios</strong></span> <span class='ocrx_word' id='word_1_193' title='bbox 957 1334 1072 1356; x_wconf 89' lang='lat' dir='ltr'><strong>somno</strong></span> <span class='ocrx_word' id='word_1_194' title='bbox 1090 1326 1226 1364; x_wconf 78' lang='lat' dir='ltr'><strong>stratos,</strong></span> 
     </span>
     <span class='ocr_line' id='line_1_27' title="bbox 179 1373 1226 1419; baseline 0.001 -12"><span class='ocrx_word' id='word_1_195' title='bbox 179 1374 259 1407; x_wconf 83' lang='lat' dir='ltr'><strong>alios</strong></span> <span class='ocrx_word' id='word_1_196' title='bbox 293 1376 485 1419; x_wconf 74' lang='lat' dir='ltr'><strong>perpetrato</strong></span> <span class='ocrx_word' id='word_1_197' title='bbox 519 1386 613 1408; x_wconf 78' lang='lat' dir='ltr'><strong>sacro</strong></span> <span class='ocrx_word' id='word_1_198' title='bbox 646 1373 788 1408; x_wconf 88' lang='lat' dir='ltr'><strong>inermes</strong></span> <span class='ocrx_word' id='word_1_199' title='bbox 825 1373 1004 1408; x_wconf 84' lang='lat' dir='ltr'><strong>redeuntes</strong></span> <span class='ocrx_word' id='word_1_200' title='bbox 1038 1373 1226 1408; x_wconf 73' lang='lat' dir='ltr'><strong>obtruncat.</strong></span> 
     </span>
     <span class='ocr_line' id='line_1_28' title="bbox 132 1424 1229 1469; baseline -0.002 -9"><span class='ocrx_word' id='word_1_201' title='bbox 132 1425 349 1460; x_wconf 74' lang='lat' dir='ltr'><strong>l4hominum</strong></span> <span class='ocrx_word' id='word_1_202' title='bbox 377 1437 415 1459; x_wconf 89' lang='lat' dir='ltr'><strong>eo</strong></span> <span class='ocrx_word' id='word_1_203' title='bbox 446 1425 595 1459; x_wconf 88' lang='lat' dir='ltr'><strong>tumultu</strong></span> <span class='ocrx_word' id='word_1_204' title='bbox 624 1428 788 1459; x_wconf 85' lang='lat' dir='ltr'><strong>nocturno</strong></span> <span class='ocrx_word' id='word_1_205' title='bbox 818 1436 902 1458; x_wconf 78' lang='lat' dir='ltr'><strong>caesa</strong></span> <span class='ocrx_word' id='word_1_206' title='bbox 926 1424 1003 1469; x_wconf 89' lang='lat' dir='ltr'><strong>plus</strong></span> <span class='ocrx_word' id='word_1_207' title='bbox 1033 1424 1099 1458; x_wconf 90' lang='lat' dir='ltr'><strong>duo</strong></span> <span class='ocrx_word' id='word_1_208' title='bbox 1127 1424 1229 1458; x_wconf 78' lang='lat' dir='ltr'><strong>millia</strong></span> 
     </span>
     <span class='ocr_line' id='line_1_29' title="bbox 180 1475 1229 1521; baseline 0 -12"><span class='ocrx_word' id='word_1_209' title='bbox 180 1488 255 1510; x_wconf 91' lang='lat' dir='ltr'><strong>cum</strong></span> <span class='ocrx_word' id='word_1_210' title='bbox 280 1476 352 1521; x_wconf 86' lang='lat' dir='ltr'><strong>ipso</strong></span> <span class='ocrx_word' id='word_1_211' title='bbox 376 1475 459 1510; x_wconf 80' lang='lat' dir='ltr'><strong>duce</strong></span> <span class='ocrx_word' id='word_1_212' title='bbox 480 1476 590 1510; x_wconf 86' lang='lat' dir='ltr'><strong>Mario</strong></span> <span class='ocrx_word' id='word_1_213' title='bbox 612 1476 710 1518; x_wconf 80' lang='lat' dir='ltr'><strong>Alfio,</strong></span> <span class='ocrx_word' id='word_1_214' title='bbox 730 1478 829 1521; x_wconf 81' lang='lat' dir='ltr'><strong>capta</strong></span> <span class='ocrx_word' id='word_1_215' title='bbox 851 1479 930 1510; x_wconf 88' lang='lat' dir='ltr'><strong>sunt</strong></span> <span class='ocrx_word' id='word_1_216' title='bbox 956 1476 1053 1519; x_wconf 68' lang='lat' dir='ltr'><strong>signa</strong></span> <span class='ocrx_word' id='word_1_217' title='bbox 1074 1475 1229 1510; x_wconf 78' lang='lat' dir='ltr'><strong>militaria</strong></span> 
     </span>
     <span class='ocr_line' id='line_1_30' title="bbox 182 1527 557 1572; baseline 0 -11"><span class='ocrx_word' id='word_1_218' title='bbox 182 1530 342 1572; x_wconf 76' lang='lat' dir='ltr'><strong>(plattuor</strong></span> <span class='ocrx_word' id='word_1_219' title='bbox 359 1531 393 1561; x_wconf 86' lang='lat' dir='ltr'><strong>ct</strong></span> <span class='ocrx_word' id='word_1_220' title='bbox 407 1527 557 1571; x_wconf 73' lang='lat' dir='ltr'><strong>triginta.</strong></span> 
     </span>
     <span class='ocr_line' id='line_1_31' title="bbox 88 1577 1229 1623; baseline 0 -12"><span class='ocrx_word' id='word_1_221' title='bbox 88 1581 172 1623; x_wconf 86' lang='grc'>(36)</span> <span class='ocrx_word' id='word_1_222' title='bbox 231 1578 400 1612; x_wconf 78' lang='lat' dir='ltr'><strong>Gracchus</strong></span> <span class='ocrx_word' id='word_1_223' title='bbox 418 1578 528 1611; x_wconf 89' lang='lat' dir='ltr'><strong>minus</strong></span> <span class='ocrx_word' id='word_1_224' title='bbox 551 1579 684 1612; x_wconf 80' lang='lat' dir='ltr'><strong>centum</strong></span> <span class='ocrx_word' id='word_1_225' title='bbox 703 1577 849 1611; x_wconf 87' lang='lat' dir='ltr'><strong>militum</strong></span> <span class='ocrx_word' id='word_1_226' title='bbox 867 1579 1003 1621; x_wconf 77' lang='lat' dir='ltr'><strong>jactura</strong></span> <span class='ocrx_word' id='word_1_227' title='bbox 1019 1577 1136 1611; x_wconf 71' lang='lat' dir='ltr'><strong>castris</strong></span> <span class='ocrx_word' id='word_1_228' title='bbox 1152 1577 1229 1611; x_wconf 86' lang='lat' dir='ltr'><strong>hos-</strong></span> 
     </span>
     <span class='ocr_line' id='line_1_32' title="bbox 182 1622 1278 1674; baseline 0 -12"><span class='ocrx_word' id='word_1_229' title='bbox 182 1629 266 1662; x_wconf 88' lang='lat' dir='ltr'><strong>tium</strong></span> <span class='ocrx_word' id='word_1_230' title='bbox 291 1629 418 1673; x_wconf 88' lang='lat' dir='ltr'><strong>potitus</strong></span> <span class='ocrx_word' id='word_1_231' title='bbox 445 1629 568 1663; x_wconf 81' lang='lat' dir='ltr'><strong>Cumas</strong></span> <span class='ocrx_word' id='word_1_232' title='bbox 592 1641 628 1663; x_wconf 80' lang='lat' dir='ltr'><strong>se</strong></span> <span class='ocrx_word' id='word_1_233' title='bbox 654 1640 794 1674; x_wconf 83' lang='lat' dir='ltr'><strong>propere</strong></span> <span class='ocrx_word' id='word_1_234' title='bbox 820 1629 955 1673; x_wconf 76' lang='lat' dir='ltr'><strong>recepit,</strong></span> <span class='ocrx_word' id='word_1_235' title='bbox 977 1628 1018 1662; x_wconf 81' lang='lat' dir='ltr'><strong>ab</strong></span> <span class='ocrx_word' id='word_1_236' title='bbox 1039 1628 1228 1662; x_wconf 73' lang='lat' dir='ltr'><strong>Hannibale</strong></span> <span class='ocrx_word' id='word_1_237' title='bbox 1276 1622 1278 1626; x_wconf 49' lang='grc'>’</span> 
     </span>
    </p>
   </div>
   <div class='ocr_carea' id='block_1_4' title="bbox 180 1679 1278 1726">
    <p class='ocr_par' dir='ltr' id='par_1_4' title="bbox 180 1679 1278 1726">
     <span class='ocr_line' id='line_1_33' title="bbox 180 1679 1278 1726; baseline -0.001 -12"><span class='ocrx_word' id='word_1_238' title='bbox 180 1684 344 1723; x_wconf 78' lang='lat' dir='ltr'><strong>metucns,</strong></span> <span class='ocrx_word' id='word_1_239' title='bbox 363 1681 420 1726; x_wconf 89' lang='lat' dir='ltr'><strong>qui</strong></span> <span class='ocrx_word' id='word_1_240' title='bbox 445 1693 545 1725; x_wconf 84' lang='lat' dir='ltr'><strong>super</strong></span> <span class='ocrx_word' id='word_1_241' title='bbox 569 1681 716 1725; x_wconf 85' lang='lat' dir='ltr'><strong>Capuam</strong></span> <span class='ocrx_word' id='word_1_242' title='bbox 743 1681 777 1714; x_wconf 88' lang='lat' dir='ltr'><strong>in</strong></span> <span class='ocrx_word' id='word_1_243' title='bbox 798 1680 916 1714; x_wconf 75' lang='lat' dir='ltr'><strong>Tifatis</strong></span> <span class='ocrx_word' id='word_1_244' title='bbox 941 1679 1084 1714; x_wconf 83' lang='lat' dir='ltr'><strong>habebat</strong></span> <span class='ocrx_word' id='word_1_245' title='bbox 1108 1685 1226 1714; x_wconf 81' lang='lat' dir='ltr'><strong>castra.</strong></span> <span class='ocrx_word' id='word_1_246' title='bbox 1276 1683 1278 1686; x_wconf 87' lang='lat'>&#39;</span> 
     </span>
    </p>
   </div>
   <div class='ocr_carea' id='block_1_5' title="bbox 150 1730 1278 1827">
    <p class='ocr_par' dir='ltr' id='par_1_5' title="bbox 150 1730 1278 1827">
     <span class='ocr_line' id='line_1_34' title="bbox 150 1730 1278 1776; baseline -0.002 -11"><span class='ocrx_word' id='word_1_247' title='bbox 150 1731 253 1766; x_wconf 84' lang='lat' dir='ltr'><strong>2Ncc</strong></span> <span class='ocrx_word' id='word_1_248' title='bbox 281 1744 357 1766; x_wconf 87' lang='lat' dir='ltr'><strong>eum</strong></span> <span class='ocrx_word' id='word_1_249' title='bbox 390 1731 529 1776; x_wconf 74' lang='lat' dir='ltr'><strong>prcvnla</strong></span> <span class='ocrx_word' id='word_1_250' title='bbox 561 1731 668 1765; x_wconf 87' lang='lat' dir='ltr'><strong>futuri</strong></span> <span class='ocrx_word' id='word_1_251' title='bbox 700 1731 819 1765; x_wconf 71' lang='lat' dir='ltr'><strong>fefellit</strong></span> <span class='ocrx_word' id='word_1_252' title='bbox 852 1730 985 1776; x_wconf 84' lang='lat' dir='ltr'><strong>opinio:</strong></span> <span class='ocrx_word' id='word_1_253' title='bbox 1020 1743 1094 1765; x_wconf 84' lang='lat' dir='ltr'><strong>nam</strong></span> <span class='ocrx_word' id='word_1_254' title='bbox 1129 1730 1228 1765; x_wconf 90' lang='lat' dir='ltr'><strong>simul</strong></span> <span class='ocrx_word' id='word_1_255' title='bbox 1275 1753 1278 1763; x_wconf 78' lang='lat'><strong>.</strong></span> 
     </span>
     <span class='ocr_line' id='line_1_35' title="bbox 178 1781 1277 1827; baseline 0 -11"><span class='ocrx_word' id='word_1_256' title='bbox 178 1781 327 1827; x_wconf 80' lang='lat' dir='ltr'><strong>Capuam</strong></span> <span class='ocrx_word' id='word_1_257' title='bbox 352 1795 391 1818; x_wconf 84' lang='lat' dir='ltr'><strong>ea</strong></span> <span class='ocrx_word' id='word_1_258' title='bbox 412 1782 521 1818; x_wconf 80' lang='lat' dir='ltr'><strong>clades</strong></span> <span class='ocrx_word' id='word_1_259' title='bbox 546 1786 598 1817; x_wconf 84' lang='lat' dir='ltr'><strong>cst</strong></span> <span class='ocrx_word' id='word_1_260' title='bbox 621 1783 785 1824; x_wconf 81' lang='lat' dir='ltr'><strong>nuntiata,</strong></span> <span class='ocrx_word' id='word_1_261' title='bbox 809 1785 902 1816; x_wconf 77' lang='lat' dir='ltr'><strong>ratus</strong></span> <span class='ocrx_word' id='word_1_262' title='bbox 928 1781 1100 1817; x_wconf 77' lang='lat' dir='ltr'><strong>Hannibal</strong></span> <span class='ocrx_word' id='word_1_263' title='bbox 1125 1781 1165 1816; x_wconf 87' lang='lat' dir='ltr'><strong>ab</strong></span> <span class='ocrx_word' id='word_1_264' title='bbox 1191 1793 1226 1816; x_wconf 83' lang='lat' dir='ltr'><strong>re</strong></span> <span class='ocrx_word' id='word_1_265' title='bbox 1276 1816 1277 1824; x_wconf 23' lang='lat'>¹</span> 
     </span>
    </p>
   </div>
  </div>
 </body>
</html>
