<?xml version="1.0" encoding="UTF-8"?>
<!DOCTYPE html PUBLIC "-//W3C//DTD XHTML 1.0 Transitional//EN"
    "http://www.w3.org/TR/xhtml1/DTD/xhtml1-transitional.dtd">
<html xmlns="http://www.w3.org/1999/xhtml" xml:lang="en" lang="en">
 <head>
  <title>
</title>
<meta http-equiv="Content-Type" content="text/html;charset=utf-8" />
  <meta name='ocr-system' content='tesseract 3.04.00' />
  <meta name='ocr-capabilities' content='ocr_page ocr_carea ocr_par ocr_line ocrx_word'/>
</head>
<body>
  <div class='ocr_page' id='page_1' title='image "./booksxxixxivwith00livyuoft_0268.png"; bbox 0 0 1298 1921; ppageno 0'>
   <div class='ocr_carea' id='block_1_1' title="bbox 959 0 1298 43">
    <p class='ocr_par' dir='ltr' id='par_1_1' title="bbox 959 0 1298 43">
     <span class='ocr_line' id='line_1_1' title="bbox 959 0 1298 43; baseline 0 1878"><span class='ocrx_word' id='word_1_1' title='bbox 959 0 1298 43; x_wconf 95' lang='lat' dir='ltr'> </span> 
     </span>
    </p>
   </div>
   <div class='ocr_carea' id='block_1_2' title="bbox 224 54 1260 130">
    <p class='ocr_par' dir='ltr' id='par_1_2' title="bbox 224 54 1260 130">
     <span class='ocr_line' id='line_1_2' title="bbox 224 54 1260 130; baseline 0 -45"><span class='ocrx_word' id='word_1_2' title='bbox 224 56 285 86; x_wconf 68' lang='lat'>246</span> <span class='ocrx_word' id='word_1_3' title='bbox 472 54 507 83; x_wconf 87' lang='lat' dir='ltr'>T.</span> <span class='ocrx_word' id='word_1_4' title='bbox 526 54 643 84; x_wconf 88' lang='lat' dir='ltr'>LIVII</span> <span class='ocrx_word' id='word_1_5' title='bbox 674 54 1005 85; x_wconf 82' lang='lat' dir='ltr'>HISTORIARUM</span> <span class='ocrx_word' id='word_1_6' title='bbox 1113 100 1149 130; x_wconf 65' lang='grc' dir='ltr'>[Α</span> <span class='ocrx_word' id='word_1_7' title='bbox 1172 99 1191 122; x_wconf 73' lang='lat' dir='ltr'>C</span> <span class='ocrx_word' id='word_1_8' title='bbox 1213 99 1260 123; x_wconf 75' lang='lat'>⁰14</span> 
     </span>
    </p>
   </div>
   <div class='ocr_carea' id='block_1_3' title="bbox 138 127 1273 1815">
    <p class='ocr_par' dir='ltr' id='par_1_3' title="bbox 138 127 1273 1815">
     <span class='ocr_line' id='line_1_3' title="bbox 196 127 1272 176; baseline 0.002 -12"><span class='ocrx_word' id='word_1_9' title='bbox 196 135 215 164; x_wconf 87' lang='grc'><strong>6</strong></span> <span class='ocrx_word' id='word_1_10' title='bbox 273 127 454 163; x_wconf 81' lang='lat' dir='ltr'>Marcellus</span> <span class='ocrx_word' id='word_1_11' title='bbox 482 140 543 163; x_wconf 87' lang='lat' dir='ltr'>nec</span> <span class='ocrx_word' id='word_1_12' title='bbox 565 128 691 164; x_wconf 82' lang='lat' dir='ltr'>sactum</span> <span class='ocrx_word' id='word_1_13' title='bbox 720 129 918 174; x_wconf 82' lang='lat' dir='ltr'>improbavit</span> <span class='ocrx_word' id='word_1_14' title='bbox 946 134 979 165; x_wconf 84' lang='lat' dir='ltr'>et</span> <span class='ocrx_word' id='word_1_15' title='bbox 1009 131 1152 176; x_wconf 83' lang='lat' dir='ltr'>praedam</span> <span class='ocrx_word' id='word_1_16' title='bbox 1181 132 1272 166; x_wconf 88' lang='lat' dir='ltr'>Hen-</span> 
     </span>
     <span class='ocr_line' id='line_1_4' title="bbox 227 179 1270 222; baseline 0.003 -8"><span class='ocrx_word' id='word_1_17' title='bbox 227 180 380 214; x_wconf 87' lang='lat' dir='ltr'>nensium</span> <span class='ocrx_word' id='word_1_18' title='bbox 396 179 558 215; x_wconf 77' lang='lat' dir='ltr'>militibus</span> <span class='ocrx_word' id='word_1_19' title='bbox 575 181 750 222; x_wconf 78' lang='lat' dir='ltr'>concessit,</span> <span class='ocrx_word' id='word_1_20' title='bbox 761 184 853 215; x_wconf 83' lang='lat' dir='ltr'>ratus</span> <span class='ocrx_word' id='word_1_21' title='bbox 870 181 989 216; x_wconf 88' lang='lat' dir='ltr'>timore</span> <span class='ocrx_word' id='word_1_22' title='bbox 1007 182 1077 217; x_wconf 86' lang='lat' dir='ltr'>fore</span> <span class='ocrx_word' id='word_1_23' title='bbox 1095 182 1270 217; x_wconf 85' lang='lat' dir='ltr'>deterritos</span> 
     </span>
     <span class='ocr_line' id='line_1_5' title="bbox 197 231 1272 279; baseline 0.003 -14"><span class='ocrx_word' id='word_1_24' title='bbox 197 237 247 275; x_wconf 75' lang='lat' dir='ltr'>7a</span> <span class='ocrx_word' id='word_1_25' title='bbox 263 231 507 276; x_wconf 75' lang='lat' dir='ltr'>proditionibus</span> <span class='ocrx_word' id='word_1_26' title='bbox 532 231 761 276; x_wconf 72' lang='lat' dir='ltr'>praesidiorum</span> <span class='ocrx_word' id='word_1_27' title='bbox 785 233 923 267; x_wconf 85' lang='lat' dir='ltr'>Siculos.</span> <span class='ocrx_word' id='word_1_28' title='bbox 972 235 1085 279; x_wconf 91' lang='lat' dir='ltr'>Atque</span> <span class='ocrx_word' id='word_1_29' title='bbox 1110 246 1147 268; x_wconf 82' lang='lat' dir='ltr'>ca</span> <span class='ocrx_word' id='word_1_30' title='bbox 1164 233 1272 268; x_wconf 78' lang='lat' dir='ltr'>clades</span> 
     </span>
     <span class='ocr_line' id='line_1_6' title="bbox 227 282 1273 330; baseline 0.002 -13"><span class='ocrx_word' id='word_1_31' title='bbox 227 286 265 317; x_wconf 89' lang='lat' dir='ltr'>ut</span> <span class='ocrx_word' id='word_1_32' title='bbox 282 283 374 317; x_wconf 83' lang='lat' dir='ltr'>urbis</span> <span class='ocrx_word' id='word_1_33' title='bbox 397 283 432 317; x_wconf 91' lang='lat' dir='ltr'>in</span> <span class='ocrx_word' id='word_1_34' title='bbox 448 282 557 317; x_wconf 81' lang='lat' dir='ltr'>media</span> <span class='ocrx_word' id='word_1_35' title='bbox 583 283 693 318; x_wconf 79' lang='lat' dir='ltr'>Sicilia</span> <span class='ocrx_word' id='word_1_36' title='bbox 710 283 782 318; x_wconf 82' lang='lat' dir='ltr'>sitae</span> <span class='ocrx_word' id='word_1_37' title='bbox 800 283 960 329; x_wconf 67' lang='lat' dir='ltr'>clara‘que</span> <span class='ocrx_word' id='word_1_38' title='bbox 977 285 1029 319; x_wconf 76' lang='lat' dir='ltr'>vel</span> <span class='ocrx_word' id='word_1_39' title='bbox 1051 285 1092 320; x_wconf 95' lang='lat' dir='ltr'>ob</span> <span class='ocrx_word' id='word_1_40' title='bbox 1110 285 1273 330; x_wconf 82' lang='lat' dir='ltr'>insignem</span> 
     </span>
     <span class='ocr_line' id='line_1_7' title="bbox 226 333 1272 370; baseline 0.002 -2"><span class='ocrx_word' id='word_1_41' title='bbox 226 334 434 369; x_wconf 86' lang='lat' dir='ltr'>munimento</span> <span class='ocrx_word' id='word_1_42' title='bbox 462 333 606 368; x_wconf 83' lang='lat' dir='ltr'>naturali</span> <span class='ocrx_word' id='word_1_43' title='bbox 631 334 737 368; x_wconf 83' lang='lat' dir='ltr'>locum</span> <span class='ocrx_word' id='word_1_44' title='bbox 765 335 816 369; x_wconf 89' lang='lat' dir='ltr'>vel</span> <span class='ocrx_word' id='word_1_45' title='bbox 844 335 885 369; x_wconf 92' lang='lat' dir='ltr'>ob</span> <span class='ocrx_word' id='word_1_46' title='bbox 911 339 1039 370; x_wconf 79' lang='lat' dir='ltr'>sacrata</span> <span class='ocrx_word' id='word_1_47' title='bbox 1067 336 1176 370; x_wconf 78' lang='lat' dir='ltr'>omnia</span> <span class='ocrx_word' id='word_1_48' title='bbox 1199 348 1272 370; x_wconf 79' lang='lat' dir='ltr'>ves-</span> 
     </span>
     <span class='ocr_line' id='line_1_8' title="bbox 227 385 1272 431; baseline 0.003 -12"><span class='ocrx_word' id='word_1_49' title='bbox 227 385 319 430; x_wconf 84' lang='lat' dir='ltr'>tigiis</span> <span class='ocrx_word' id='word_1_50' title='bbox 337 388 442 430; x_wconf 84' lang='lat' dir='ltr'>raptae</span> <span class='ocrx_word' id='word_1_51' title='bbox 459 385 624 430; x_wconf 83' lang='lat' dir='ltr'>quondam</span> <span class='ocrx_word' id='word_1_52' title='bbox 641 385 849 430; x_wconf 72' lang='lat' dir='ltr'>Proserpinae</span> <span class='ocrx_word' id='word_1_53' title='bbox 872 398 973 431; x_wconf 80' lang='lat' dir='ltr'>prope</span> <span class='ocrx_word' id='word_1_54' title='bbox 990 399 1056 421; x_wconf 88' lang='lat' dir='ltr'>uno</span> <span class='ocrx_word' id='word_1_55' title='bbox 1074 387 1125 422; x_wconf 87' lang='lat' dir='ltr'>die</span> <span class='ocrx_word' id='word_1_56' title='bbox 1142 399 1272 422; x_wconf 86' lang='lat' dir='ltr'>omnem</span> 
     </span>
     <span class='ocr_line' id='line_1_9' title="bbox 229 436 1273 482; baseline 0.002 -12"><span class='ocrx_word' id='word_1_57' title='bbox 229 436 373 471; x_wconf 84' lang='lat' dir='ltr'>Siciliam</span> <span class='ocrx_word' id='word_1_58' title='bbox 394 436 561 482; x_wconf 81' lang='lat' dir='ltr'>pervasit:</span> <span class='ocrx_word' id='word_1_59' title='bbox 588 439 631 478; x_wconf 84' lang='lat' dir='ltr'>et,</span> <span class='ocrx_word' id='word_1_60' title='bbox 656 437 735 481; x_wconf 83' lang='lat' dir='ltr'>quia</span> <span class='ocrx_word' id='word_1_61' title='bbox 756 436 844 471; x_wconf 73' lang='lat' dir='ltr'>caede</span> <span class='ocrx_word' id='word_1_62' title='bbox 869 437 1003 471; x_wconf 77' lang='lat' dir='ltr'>infanda</span> <span class='ocrx_word' id='word_1_63' title='bbox 1024 437 1183 473; x_wconf 78' lang='lat' dir='ltr'>rebantur</span> <span class='ocrx_word' id='word_1_64' title='bbox 1207 450 1273 472; x_wconf 89' lang='lat' dir='ltr'>non</span> 
     </span>
     <span class='ocr_line' id='line_1_10' title="bbox 229 487 1272 523; baseline 0.002 -2"><span class='ocrx_word' id='word_1_65' title='bbox 229 487 401 522; x_wconf 88' lang='lat' dir='ltr'>hominum</span> <span class='ocrx_word' id='word_1_66' title='bbox 427 490 559 521; x_wconf 82' lang='lat' dir='ltr'>tantum</span> <span class='ocrx_word' id='word_1_67' title='bbox 588 487 646 522; x_wconf 80' lang='lat' dir='ltr'>sed</span> <span class='ocrx_word' id='word_1_68' title='bbox 679 487 778 522; x_wconf 78' lang='lat' dir='ltr'>etiam</span> <span class='ocrx_word' id='word_1_69' title='bbox 807 487 943 522; x_wconf 83' lang='lat' dir='ltr'>deorum</span> <span class='ocrx_word' id='word_1_70' title='bbox 977 488 1086 522; x_wconf 84' lang='lat' dir='ltr'>sedem</span> <span class='ocrx_word' id='word_1_71' title='bbox 1118 488 1272 523; x_wconf 77' lang='lat' dir='ltr'>violatam</span> 
     </span>
     <span class='ocr_line' id='line_1_11' title="bbox 227 538 1273 584; baseline 0.001 -11"><span class='ocrx_word' id='word_1_72' title='bbox 227 551 310 580; x_wconf 87' lang='lat' dir='ltr'>esse,</span> <span class='ocrx_word' id='word_1_73' title='bbox 330 541 402 573; x_wconf 85' lang='lat' dir='ltr'>tum</span> <span class='ocrx_word' id='word_1_74' title='bbox 420 550 498 573; x_wconf 85' lang='lat' dir='ltr'>vero</span> <span class='ocrx_word' id='word_1_75' title='bbox 519 538 575 584; x_wconf 84' lang='lat' dir='ltr'>qui</span> <span class='ocrx_word' id='word_1_76' title='bbox 593 539 691 573; x_wconf 83' lang='lat' dir='ltr'>ctiam</span> <span class='ocrx_word' id='word_1_77' title='bbox 710 542 787 573; x_wconf 84' lang='lat' dir='ltr'>ante</span> <span class='ocrx_word' id='word_1_78' title='bbox 805 538 895 574; x_wconf 87' lang='lat' dir='ltr'>dubii</span> <span class='ocrx_word' id='word_1_79' title='bbox 918 540 1050 574; x_wconf 83' lang='lat' dir='ltr'>fuerant</span> <span class='ocrx_word' id='word_1_80' title='bbox 1068 539 1215 574; x_wconf 80' lang='lat' dir='ltr'>defecere</span> <span class='ocrx_word' id='word_1_81' title='bbox 1233 539 1273 574; x_wconf 80' lang='lat' dir='ltr'>ad</span> 
     </span>
     <span class='ocr_line' id='line_1_12' title="bbox 197 590 1272 636; baseline 0.002 -13"><span class='ocrx_word' id='word_1_82' title='bbox 197 595 214 624; x_wconf 87' lang='lat'>8</span> <span class='ocrx_word' id='word_1_83' title='bbox 227 590 358 624; x_wconf 76' lang='lat' dir='ltr'>Poenos.</span> <span class='ocrx_word' id='word_1_84' title='bbox 409 590 634 635; x_wconf 67' lang='lat' dir='ltr'>Hippocrates</span> <span class='ocrx_word' id='word_1_85' title='bbox 657 590 732 624; x_wconf 84' lang='lat' dir='ltr'>inde</span> <span class='ocrx_word' id='word_1_86' title='bbox 756 590 996 633; x_wconf 61' lang='lat' dir='ltr'>Mmgmtiam,</span> <span class='ocrx_word' id='word_1_87' title='bbox 1015 591 1161 625; x_wconf 77' lang='lat' dir='ltr'>Himilco</span> <span class='ocrx_word' id='word_1_88' title='bbox 1178 591 1272 636; x_wconf 85' lang='lat' dir='ltr'>Agri-</span> 
     </span>
     <span class='ocr_line' id='line_1_13' title="bbox 227 641 1273 686; baseline 0.001 -11"><span class='ocrx_word' id='word_1_89' title='bbox 227 644 366 686; x_wconf 79' lang='lat' dir='ltr'>gentum</span> <span class='ocrx_word' id='word_1_90' title='bbox 395 653 468 675; x_wconf 88' lang='lat' dir='ltr'>sese</span> <span class='ocrx_word' id='word_1_91' title='bbox 493 641 628 686; x_wconf 85' lang='lat' dir='ltr'>recepit,</span> <span class='ocrx_word' id='word_1_92' title='bbox 661 654 763 686; x_wconf 87' lang='lat' dir='ltr'>quum</span> <span class='ocrx_word' id='word_1_93' title='bbox 793 642 889 676; x_wconf 84' lang='lat' dir='ltr'>acciti</span> <span class='ocrx_word' id='word_1_94' title='bbox 914 654 933 675; x_wconf 79' lang='lat' dir='ltr'>a</span> <span class='ocrx_word' id='word_1_95' title='bbox 961 641 1185 686; x_wconf 79' lang='lat' dir='ltr'>proditoribus</span> <span class='ocrx_word' id='word_1_96' title='bbox 1218 654 1273 676; x_wconf 88' lang='lat' dir='ltr'>ne-</span> 
     </span>
     <span class='ocr_line' id='line_1_14' title="bbox 196 692 1272 737; baseline 0 -10"><span class='ocrx_word' id='word_1_97' title='bbox 196 697 214 727; x_wconf 87' lang='lat'>9</span> <span class='ocrx_word' id='word_1_98' title='bbox 230 692 385 737; x_wconf 86' lang='lat' dir='ltr'>quiquam</span> <span class='ocrx_word' id='word_1_99' title='bbox 398 692 437 726; x_wconf 82' lang='lat' dir='ltr'>ad</span> <span class='ocrx_word' id='word_1_100' title='bbox 452 693 608 726; x_wconf 78' lang='lat' dir='ltr'>Hennam</span> <span class='ocrx_word' id='word_1_101' title='bbox 620 693 804 727; x_wconf 81' lang='lat' dir='ltr'>exercitum</span> <span class='ocrx_word' id='word_1_102' title='bbox 819 692 1053 727; x_wconf 80' lang='lat' dir='ltr'>admovissent.</span> <span class='ocrx_word' id='word_1_103' title='bbox 1095 693 1272 728; x_wconf 82' lang='lat' dir='ltr'>Marcellus</span> 
     </span>
     <span class='ocr_line' id='line_1_15' title="bbox 229 743 1272 789; baseline 0.001 -12"><span class='ocrx_word' id='word_1_104' title='bbox 229 746 318 777; x_wconf 89' lang='lat' dir='ltr'>retro</span> <span class='ocrx_word' id='word_1_105' title='bbox 340 743 375 777; x_wconf 92' lang='lat' dir='ltr'>in</span> <span class='ocrx_word' id='word_1_106' title='bbox 397 743 580 778; x_wconf 85' lang='lat' dir='ltr'>Leontinos</span> <span class='ocrx_word' id='word_1_107' title='bbox 603 743 700 785; x_wconf 82' lang='lat' dir='ltr'>redit,</span> <span class='ocrx_word' id='word_1_108' title='bbox 719 744 953 789; x_wconf 81' lang='lat' dir='ltr'>frumentoque</span> <span class='ocrx_word' id='word_1_109' title='bbox 978 747 1012 778; x_wconf 88' lang='lat' dir='ltr'>et</span> <span class='ocrx_word' id='word_1_110' title='bbox 1037 744 1272 778; x_wconf 79' lang='lat' dir='ltr'>commeatibus</span> 
     </span>
     <span class='ocr_line' id='line_1_16' title="bbox 229 794 1272 839; baseline 0.001 -11"><span class='ocrx_word' id='word_1_111' title='bbox 229 794 300 829; x_wconf 77' lang='lat' dir='ltr'>aliis</span> <span class='ocrx_word' id='word_1_112' title='bbox 317 794 352 828; x_wconf 90' lang='lat' dir='ltr'>in</span> <span class='ocrx_word' id='word_1_113' title='bbox 375 797 484 829; x_wconf 83' lang='lat' dir='ltr'>castra</span> <span class='ocrx_word' id='word_1_114' title='bbox 508 796 676 829; x_wconf 83' lang='lat' dir='ltr'>convectis</span> <span class='ocrx_word' id='word_1_115' title='bbox 702 795 854 839; x_wconf 79' lang='lat' dir='ltr'>praesidio</span> <span class='ocrx_word' id='word_1_116' title='bbox 879 795 1007 829; x_wconf 85' lang='lat' dir='ltr'>modico</span> <span class='ocrx_word' id='word_1_117' title='bbox 1034 795 1078 829; x_wconf 89' lang='lat' dir='ltr'>ibi</span> <span class='ocrx_word' id='word_1_118' title='bbox 1102 795 1216 829; x_wconf 81' lang='lat' dir='ltr'>relicto</span> <span class='ocrx_word' id='word_1_119' title='bbox 1234 795 1272 829; x_wconf 81' lang='lat' dir='ltr'>ad</span> 
     </span>
     <span class='ocr_line' id='line_1_17' title="bbox 180 845 1272 892; baseline 0 -13"><span class='ocrx_word' id='word_1_120' title='bbox 180 851 217 880; x_wconf 92' lang='lat'>10</span> <span class='ocrx_word' id='word_1_121' title='bbox 231 846 410 890; x_wconf 78' lang='lat' dir='ltr'>Syracusas</span> <span class='ocrx_word' id='word_1_122' title='bbox 435 845 632 881; x_wconf 85' lang='lat' dir='ltr'>obsidendas</span> <span class='ocrx_word' id='word_1_123' title='bbox 659 847 759 881; x_wconf 84' lang='lat' dir='ltr'>venit.</span> <span class='ocrx_word' id='word_1_124' title='bbox 809 847 892 881; x_wconf 81' lang='lat' dir='ltr'>lude</span> <span class='ocrx_word' id='word_1_125' title='bbox 918 847 1026 892; x_wconf 88' lang='lat' dir='ltr'>Appio</span> <span class='ocrx_word' id='word_1_126' title='bbox 1052 846 1190 881; x_wconf 81' lang='lat' dir='ltr'>Claudio</span> <span class='ocrx_word' id='word_1_127' title='bbox 1208 847 1272 880; x_wconf 70' lang='lat' dir='ltr'>Ro.</span> 
     </span>
     <span class='ocr_line' id='line_1_18' title="bbox 227 896 1272 942; baseline 0.001 -12"><span class='ocrx_word' id='word_1_128' title='bbox 227 909 315 931; x_wconf 79' lang='lat' dir='ltr'>mam</span> <span class='ocrx_word' id='word_1_129' title='bbox 348 896 389 931; x_wconf 85' lang='lat' dir='ltr'>ad</span> <span class='ocrx_word' id='word_1_130' title='bbox 421 897 631 932; x_wconf 80' lang='lat' dir='ltr'>consulatum</span> <span class='ocrx_word' id='word_1_131' title='bbox 667 897 849 942; x_wconf 87' lang='lat' dir='ltr'>petendum</span> <span class='ocrx_word' id='word_1_132' title='bbox 883 898 982 932; x_wconf 70' lang='lat' dir='ltr'>misso</span> <span class='ocrx_word' id='word_1_133' title='bbox 1015 898 1052 931; x_wconf 80' lang='lat' dir='ltr'>T.</span> <span class='ocrx_word' id='word_1_134' title='bbox 1079 898 1272 935; x_wconf 72' lang='lat' dir='ltr'>Quinctium</span> 
     </span>
     <span class='ocr_line' id='line_1_19' title="bbox 230 947 1272 994; baseline 0 -12"><span class='ocrx_word' id='word_1_135' title='bbox 230 947 420 993; x_wconf 85' lang='lat' dir='ltr'>Crispinum</span> <span class='ocrx_word' id='word_1_136' title='bbox 446 948 479 982; x_wconf 92' lang='lat' dir='ltr'>in</span> <span class='ocrx_word' id='word_1_137' title='bbox 504 949 574 993; x_wconf 87' lang='lat' dir='ltr'>ejus</span> <span class='ocrx_word' id='word_1_138' title='bbox 598 948 707 983; x_wconf 84' lang='grc'><strong>10011111</strong></span> <span class='ocrx_word' id='word_1_139' title='bbox 732 948 829 983; x_wconf 82' lang='lat' dir='ltr'>classi</span> <span class='ocrx_word' id='word_1_140' title='bbox 850 949 1034 994; x_wconf 78' lang='lat' dir='ltr'>castrisque</span> <span class='ocrx_word' id='word_1_141' title='bbox 1058 948 1195 993; x_wconf 79' lang='lat' dir='ltr'>praeficit</span> <span class='ocrx_word' id='word_1_142' title='bbox 1220 961 1272 982; x_wconf 69' lang='lat' dir='ltr'>ve-</span> 
     </span>
     <span class='ocr_line' id='line_1_20' title="bbox 227 999 1272 1045; baseline 0 -12"><span class='ocrx_word' id='word_1_143' title='bbox 227 999 373 1034; x_wconf 86' lang='lat' dir='ltr'>teribus:</span> <span class='ocrx_word' id='word_1_144' title='bbox 399 999 470 1044; x_wconf 87' lang='lat' dir='ltr'>ipse</span> <span class='ocrx_word' id='word_1_145' title='bbox 483 999 697 1034; x_wconf 74' lang='lat' dir='ltr'>hibernacula</span> <span class='ocrx_word' id='word_1_146' title='bbox 714 1000 859 1045; x_wconf 85' lang='lat' dir='ltr'>quinque</span> <span class='ocrx_word' id='word_1_147' title='bbox 872 1000 972 1034; x_wconf 80' lang='lat' dir='ltr'>millia</span> <span class='ocrx_word' id='word_1_148' title='bbox 990 1012 1146 1044; x_wconf 76' lang='lat' dir='ltr'>passuum</span> <span class='ocrx_word' id='word_1_149' title='bbox 1164 1000 1272 1034; x_wconf 39' lang='lat' dir='ltr'>Heme</span> 
     </span>
     <span class='ocr_line' id='line_1_21' title="bbox 228 1050 1270 1096; baseline 0.001 -11"><span class='ocrx_word' id='word_1_150' title='bbox 228 1050 484 1096; x_wconf 80' lang='lat' dir='ltr'>pylo—Leonta</span> <span class='ocrx_word' id='word_1_151' title='bbox 508 1054 628 1085; x_wconf 81' lang='lat' dir='ltr'>vocant</span> <span class='ocrx_word' id='word_1_152' title='bbox 650 1051 1000 1085; x_wconf 84' lang='lat' dir='ltr'>locum—communiit</span> <span class='ocrx_word' id='word_1_153' title='bbox 1026 1050 1270 1096; x_wconf 57' lang='lat' dir='ltr'>aedificavitque.</span> 
     </span>
     <span class='ocr_line' id='line_1_22' title="bbox 180 1102 1146 1148; baseline 0 -12"><span class='ocrx_word' id='word_1_154' title='bbox 180 1108 216 1137; x_wconf 89' lang='lat'>11</span> <span class='ocrx_word' id='word_1_155' title='bbox 231 1102 316 1137; x_wconf 74' lang='lat' dir='ltr'>Haee</span> <span class='ocrx_word' id='word_1_156' title='bbox 332 1102 367 1136; x_wconf 88' lang='lat' dir='ltr'>in</span> <span class='ocrx_word' id='word_1_157' title='bbox 385 1102 496 1137; x_wconf 82' lang='lat' dir='ltr'>Sicilia</span> <span class='ocrx_word' id='word_1_158' title='bbox 511 1115 618 1148; x_wconf 84' lang='lat' dir='ltr'>nsque</span> <span class='ocrx_word' id='word_1_159' title='bbox 635 1102 675 1136; x_wconf 82' lang='lat' dir='ltr'>ad</span> <span class='ocrx_word' id='word_1_160' title='bbox 692 1103 889 1148; x_wconf 83' lang='lat' dir='ltr'>principium</span> <span class='ocrx_word' id='word_1_161' title='bbox 908 1102 1024 1137; x_wconf 88' lang='lat' dir='ltr'>hiemis</span> <span class='ocrx_word' id='word_1_162' title='bbox 1042 1105 1146 1147; x_wconf 83' lang='lat' dir='ltr'>gesta.</span> 
     </span>
     <span class='ocr_line' id='line_1_23' title="bbox 138 1153 1271 1201; baseline 0 -13"><span class='ocrx_word' id='word_1_163' title='bbox 138 1156 221 1201; x_wconf 85' lang='lat'>(40)</span> <span class='ocrx_word' id='word_1_164' title='bbox 277 1153 403 1189; x_wconf 86' lang='lat' dir='ltr'>Eadem</span> <span class='ocrx_word' id='word_1_165' title='bbox 427 1157 543 1188; x_wconf 74' lang='lat' dir='ltr'>aestate</span> <span class='ocrx_word' id='word_1_166' title='bbox 566 1158 692 1188; x_wconf 88' lang='lat' dir='ltr'>etcum</span> <span class='ocrx_word' id='word_1_167' title='bbox 716 1154 869 1199; x_wconf 80' lang='lat' dir='ltr'>Philippo</span> <span class='ocrx_word' id='word_1_168' title='bbox 892 1166 980 1199; x_wconf 81' lang='lat' dir='ltr'>rege,</span> <span class='ocrx_word' id='word_1_169' title='bbox 999 1153 1086 1199; x_wconf 90' lang='lat' dir='ltr'>quod</span> <span class='ocrx_word' id='word_1_170' title='bbox 1103 1156 1172 1198; x_wconf 81' lang='lat' dir='ltr'>jam</span> <span class='ocrx_word' id='word_1_171' title='bbox 1199 1157 1271 1188; x_wconf 74' lang='lat' dir='ltr'>ante</span> 
     </span>
     <span class='ocr_line' id='line_1_24' title="bbox 199 1204 1271 1250; baseline -0.001 -11"><span class='ocrx_word' id='word_1_172' title='bbox 199 1214 216 1242; x_wconf 84' lang='lat'>2</span> <span class='ocrx_word' id='word_1_173' title='bbox 231 1208 425 1249; x_wconf 81' lang='lat' dir='ltr'>suspectum</span> <span class='ocrx_word' id='word_1_174' title='bbox 443 1205 562 1246; x_wconf 77' lang='lat' dir='ltr'>fuerat,</span> <span class='ocrx_word' id='word_1_175' title='bbox 581 1207 707 1239; x_wconf 87' lang='lat' dir='ltr'>motum</span> <span class='ocrx_word' id='word_1_176' title='bbox 726 1205 847 1240; x_wconf 86' lang='lat' dir='ltr'>bellum</span> <span class='ocrx_word' id='word_1_177' title='bbox 865 1208 926 1239; x_wconf 85' lang='lat' dir='ltr'>est.</span> <span class='ocrx_word' id='word_1_178' title='bbox 977 1204 1094 1250; x_wconf 76' lang='lat' dir='ltr'>Legati</span> <span class='ocrx_word' id='word_1_179' title='bbox 1112 1204 1152 1239; x_wconf 86' lang='lat' dir='ltr'>ab</span> <span class='ocrx_word' id='word_1_180' title='bbox 1175 1205 1271 1238; x_wconf 66' lang='lat' dir='ltr'>Orico</span> 
     </span>
     <span class='ocr_line' id='line_1_25' title="bbox 228 1256 1271 1302; baseline 0 -12"><span class='ocrx_word' id='word_1_181' title='bbox 228 1256 269 1290; x_wconf 81' lang='lat' dir='ltr'>ad</span> <span class='ocrx_word' id='word_1_182' title='bbox 287 1257 336 1291; x_wconf 89' lang='lat' dir='ltr'>M.</span> <span class='ocrx_word' id='word_1_183' title='bbox 355 1256 527 1291; x_wconf 76' lang='lat' dir='ltr'>Valerium</span> <span class='ocrx_word' id='word_1_184' title='bbox 544 1260 719 1302; x_wconf 71' lang='lat' dir='ltr'>praetorem</span> <span class='ocrx_word' id='word_1_185' title='bbox 742 1260 905 1291; x_wconf 81' lang='lat' dir='ltr'>venerunt</span> <span class='ocrx_word' id='word_1_186' title='bbox 928 1256 1161 1301; x_wconf 65' lang='lat' dir='ltr'>praesidentem</span> <span class='ocrx_word' id='word_1_187' title='bbox 1178 1256 1271 1291; x_wconf 76' lang='lat' dir='ltr'>classi</span> 
     </span>
     <span class='ocr_line' id='line_1_26' title="bbox 226 1307 1271 1353; baseline -0.001 -11"><span class='ocrx_word' id='word_1_188' title='bbox 226 1307 407 1342; x_wconf 89' lang='lat' dir='ltr'>Brundisio</span> <span class='ocrx_word' id='word_1_189' title='bbox 433 1308 661 1353; x_wconf 75' lang='lat' dir='ltr'>Calabrioeque</span> <span class='ocrx_word' id='word_1_190' title='bbox 684 1308 770 1342; x_wconf 85' lang='lat' dir='ltr'>circa</span> <span class='ocrx_word' id='word_1_191' title='bbox 794 1307 957 1349; x_wconf 77' lang='lat' dir='ltr'>litoribus,</span> <span class='ocrx_word' id='word_1_192' title='bbox 982 1308 1175 1342; x_wconf 79' lang='lat' dir='ltr'>nuntiantes</span> <span class='ocrx_word' id='word_1_193' title='bbox 1198 1307 1271 1342; x_wconf 87' lang='lat' dir='ltr'>Phi-</span> 
     </span>
     <span class='ocr_line' id='line_1_27' title="bbox 226 1358 1271 1404; baseline 0 -12"><span class='ocrx_word' id='word_1_194' title='bbox 226 1359 354 1404; x_wconf 85' lang='lat' dir='ltr'>lippum</span> <span class='ocrx_word' id='word_1_195' title='bbox 373 1359 518 1404; x_wconf 88' lang='lat' dir='ltr'>primum</span> <span class='ocrx_word' id='word_1_196' title='bbox 536 1359 742 1404; x_wconf 81' lang='lat' dir='ltr'>Apolloniam</span> <span class='ocrx_word' id='word_1_197' title='bbox 759 1359 943 1403; x_wconf 65' lang='lat' dir='ltr'>temptasse</span> <span class='ocrx_word' id='word_1_198' title='bbox 960 1358 1076 1393; x_wconf 87' lang='lat' dir='ltr'>lembis</span> <span class='ocrx_word' id='word_1_199' title='bbox 1094 1358 1271 1393; x_wconf 80' lang='lat' dir='ltr'>biremibus</span> 
     </span>
     <span class='ocr_line' id='line_1_28' title="bbox 227 1409 1271 1456; baseline 0 -12"><span class='ocrx_word' id='word_1_200' title='bbox 227 1414 361 1444; x_wconf 87' lang='lat' dir='ltr'>centum</span> <span class='ocrx_word' id='word_1_201' title='bbox 394 1411 514 1456; x_wconf 78' lang='lat' dir='ltr'>viginti</span> <span class='ocrx_word' id='word_1_202' title='bbox 546 1411 682 1445; x_wconf 87' lang='lat' dir='ltr'>flumine</span> <span class='ocrx_word' id='word_1_203' title='bbox 715 1410 853 1444; x_wconf 78' lang='lat' dir='ltr'>adverso</span> <span class='ocrx_word' id='word_1_204' title='bbox 886 1410 1103 1445; x_wconf 84' lang='lat' dir='ltr'>subvectum:</span> <span class='ocrx_word' id='word_1_205' title='bbox 1145 1409 1271 1452; x_wconf 87' lang='lat' dir='ltr'>deinde,</span> 
     </span>
     <span class='ocr_line' id='line_1_29' title="bbox 226 1461 1271 1508; baseline 0.002 -14"><span class='ocrx_word' id='word_1_206' title='bbox 226 1464 264 1495; x_wconf 82' lang='lat' dir='ltr'>ut</span> <span class='ocrx_word' id='word_1_207' title='bbox 298 1474 336 1496; x_wconf 78' lang='lat' dir='ltr'>ea</span> <span class='ocrx_word' id='word_1_208' title='bbox 363 1474 416 1497; x_wconf 86' lang='lat' dir='ltr'>res</span> <span class='ocrx_word' id='word_1_209' title='bbox 445 1461 571 1496; x_wconf 80' lang='lat' dir='ltr'>tardior</span> <span class='ocrx_word' id='word_1_210' title='bbox 601 1474 659 1508; x_wconf 86' lang='lat' dir='ltr'>spe</span> <span class='ocrx_word' id='word_1_211' title='bbox 687 1461 798 1502; x_wconf 83' lang='lat' dir='ltr'>fuerit,</span> <span class='ocrx_word' id='word_1_212' title='bbox 829 1461 870 1495; x_wconf 87' lang='lat' dir='ltr'>ad</span> <span class='ocrx_word' id='word_1_213' title='bbox 899 1461 1036 1496; x_wconf 85' lang='lat' dir='ltr'>Oricum</span> <span class='ocrx_word' id='word_1_214' title='bbox 1065 1461 1148 1496; x_wconf 78' lang='lat' dir='ltr'>clam</span> <span class='ocrx_word' id='word_1_215' title='bbox 1176 1464 1271 1496; x_wconf 79' lang='lat' dir='ltr'>nocte</span> 
     </span>
     <span class='ocr_line' id='line_1_30' title="bbox 226 1512 1271 1558; baseline 0 -12"><span class='ocrx_word' id='word_1_216' title='bbox 226 1513 412 1548; x_wconf 74' lang='lat' dir='ltr'>exercitum</span> <span class='ocrx_word' id='word_1_217' title='bbox 446 1513 640 1556; x_wconf 76' lang='lat' dir='ltr'>admovisse,</span> <span class='ocrx_word' id='word_1_218' title='bbox 670 1525 807 1558; x_wconf 84' lang='lat' dir='ltr'>eamque</span> <span class='ocrx_word' id='word_1_219' title='bbox 835 1513 951 1548; x_wconf 86' lang='lat' dir='ltr'>urbem</span> <span class='ocrx_word' id='word_1_220' title='bbox 986 1513 1082 1547; x_wconf 79' lang='lat' dir='ltr'>sitam</span> <span class='ocrx_word' id='word_1_221' title='bbox 1114 1513 1148 1547; x_wconf 91' lang='lat' dir='ltr'>in</span> <span class='ocrx_word' id='word_1_222' title='bbox 1177 1512 1271 1557; x_wconf 79' lang='lat' dir='ltr'>plano</span> 
     </span>
     <span class='ocr_line' id='line_1_31' title="bbox 226 1563 1270 1610; baseline -0.001 -13"><span class='ocrx_word' id='word_1_223' title='bbox 226 1576 333 1609; x_wconf 80' lang='lat' dir='ltr'>neque</span> <span class='ocrx_word' id='word_1_224' title='bbox 350 1564 512 1599; x_wconf 80' lang='lat' dir='ltr'>moenibus</span> <span class='ocrx_word' id='word_1_225' title='bbox 535 1577 643 1610; x_wconf 85' lang='lat' dir='ltr'>neque</span> <span class='ocrx_word' id='word_1_226' title='bbox 665 1564 744 1598; x_wconf 77' lang='lat' dir='ltr'>viris</span> <span class='ocrx_word' id='word_1_227' title='bbox 762 1567 860 1609; x_wconf 81' lang='lat' dir='ltr'>atque</span> <span class='ocrx_word' id='word_1_228' title='bbox 884 1564 982 1598; x_wconf 77' lang='lat' dir='ltr'>armis</span> <span class='ocrx_word' id='word_1_229' title='bbox 1006 1563 1145 1598; x_wconf 84' lang='lat' dir='ltr'>validam</span> <span class='ocrx_word' id='word_1_230' title='bbox 1168 1563 1270 1608; x_wconf 84' lang='lat' dir='ltr'>primo</span> 
     </span>
     <span class='ocr_line' id='line_1_32' title="bbox 196 1614 1270 1660; baseline 0 -11"><span class='ocrx_word' id='word_1_231' title='bbox 196 1615 354 1660; x_wconf 87' lang='lat' dir='ltr'>3impetu</span> <span class='ocrx_word' id='word_1_232' title='bbox 379 1627 573 1660; x_wconf 83' lang='lat' dir='ltr'>oppressam</span> <span class='ocrx_word' id='word_1_233' title='bbox 601 1627 683 1650; x_wconf 87' lang='lat' dir='ltr'>esse.</span> <span class='ocrx_word' id='word_1_234' title='bbox 732 1615 816 1650; x_wconf 63' lang='lat' dir='ltr'>Hire</span> <span class='ocrx_word' id='word_1_235' title='bbox 842 1615 1035 1649; x_wconf 78' lang='lat' dir='ltr'>nuntiantes</span> <span class='ocrx_word' id='word_1_236' title='bbox 1060 1614 1207 1655; x_wconf 81' lang='lat' dir='ltr'>orabant,</span> <span class='ocrx_word' id='word_1_237' title='bbox 1234 1618 1270 1649; x_wconf 78' lang='lat' dir='ltr'>ut</span> 
     </span>
     <span class='ocr_line' id='line_1_33' title="bbox 227 1665 1270 1712; baseline -0.002 -12"><span class='ocrx_word' id='word_1_238' title='bbox 227 1678 321 1711; x_wconf 86' lang='lat' dir='ltr'>opem</span> <span class='ocrx_word' id='word_1_239' title='bbox 355 1666 456 1701; x_wconf 83' lang='lat' dir='ltr'>ferret</span> <span class='ocrx_word' id='word_1_240' title='bbox 490 1666 685 1712; x_wconf 85' lang='lat' dir='ltr'>hostemque</span> <span class='ocrx_word' id='word_1_241' title='bbox 714 1666 801 1700; x_wconf 83' lang='lat' dir='ltr'>haud</span> <span class='ocrx_word' id='word_1_242' title='bbox 834 1666 970 1700; x_wconf 84' lang='lat' dir='ltr'>dubium</span> <span class='ocrx_word' id='word_1_243' title='bbox 1001 1666 1162 1700; x_wconf 81' lang='lat' dir='ltr'>Romanis</span> <span class='ocrx_word' id='word_1_244' title='bbox 1191 1665 1270 1699; x_wconf 75' lang='lat' dir='ltr'>mari</span> 
     </span>
     <span class='ocr_line' id='line_1_34' title="bbox 226 1715 1270 1760; baseline -0.002 -9"><span class='ocrx_word' id='word_1_245' title='bbox 226 1729 264 1751; x_wconf 81' lang='lat' dir='ltr'>ac</span> <span class='ocrx_word' id='word_1_246' title='bbox 290 1720 380 1752; x_wconf 85' lang='lat' dir='ltr'>terra</span> <span class='ocrx_word' id='word_1_247' title='bbox 405 1729 423 1752; x_wconf 85' lang='lat' dir='ltr'>a</span> <span class='ocrx_word' id='word_1_248' title='bbox 449 1718 623 1753; x_wconf 80' lang='lat' dir='ltr'>maritimis</span> <span class='ocrx_word' id='word_1_249' title='bbox 651 1717 788 1752; x_wconf 84' lang='lat' dir='ltr'>urbibus</span> <span class='ocrx_word' id='word_1_250' title='bbox 817 1720 954 1757; x_wconf 79' lang='lat' dir='ltr'>arceret,</span> <span class='ocrx_word' id='word_1_251' title='bbox 982 1729 1056 1760; x_wconf 81' lang='lat' dir='ltr'>quae</span> <span class='ocrx_word' id='word_1_252' title='bbox 1083 1715 1123 1751; x_wconf 87' lang='lat' dir='ltr'>ob</span> <span class='ocrx_word' id='word_1_253' title='bbox 1150 1716 1270 1750; x_wconf 73' lang='lat' dir='ltr'>nullam</span> 
     </span>
     <span class='ocr_line' id='line_1_35' title="bbox 227 1767 1269 1815; baseline 0.001 -13"><span class='ocrx_word' id='word_1_254' title='bbox 227 1768 323 1802; x_wconf 82' lang='lat' dir='ltr'>aliam</span> <span class='ocrx_word' id='word_1_255' title='bbox 348 1780 480 1803; x_wconf 78' lang='lat' dir='ltr'>causam</span> <span class='ocrx_word' id='word_1_256' title='bbox 504 1769 566 1803; x_wconf 52' lang='lat' dir='ltr'>nisi</span> <span class='ocrx_word' id='word_1_257' title='bbox 591 1769 678 1815; x_wconf 87' lang='lat' dir='ltr'>quod</span> <span class='ocrx_word' id='word_1_258' title='bbox 703 1769 912 1803; x_wconf 86' lang='lat' dir='ltr'>imminerent</span> <span class='ocrx_word' id='word_1_259' title='bbox 935 1767 1042 1805; x_wconf 71' lang='lat' dir='ltr'>Italiae</span> <span class='ocrx_word' id='word_1_260' title='bbox 1067 1770 1269 1812; x_wconf 83' lang='lat' dir='ltr'>peterentur.</span> 
     </span>
    </p>
   </div>
  </div>
 </body>
</html>
