1298 1921
387 42 476 74 LIB.
500 42 596 73 XXI.
622 42 757 72 26-28.
1072 41 1110 72 27

57 82 91 107 A.
106 82 132 106 e.
148 81 220 114 218]

56 114 187 160 prodito
200 116 291 150 fumo
309 115 496 162 significant
510 116 682 150 transiisse
696 118 729 150 et
744 114 834 150 haud
847 114 965 159 procul
980 114 1108 150 abesse.

58 165 159 203 Quod
184 166 242 202 ubi
271 167 398 212 accepit
428 167 607 209 Hannibal,
639 180 680 202 ne
709 167 854 211 tempori
879 166 1022 209 deesset,
1052 166 1109 200 dat

58 217 188 262 signum
214 218 254 252 ad
279 218 522 264 trajiciendum.
571 219 645 253 Jam
671 222 804 264 paratas
829 221 1030 263 aptatasque
1054 217 1139 251 lia-5

57 268 156 303 bebat
181 269 281 314 pedes
307 269 445 304 lintres:
472 282 573 315 eques
601 270 669 304 sere
693 272 835 314 propter
859 280 964 314 equos
990 272 1109 303 nantes

56 320 192 354 navium
217 332 336 365 agmen
360 320 402 355 ad
430 320 661 366 excipiendum
690 319 820 355 adversi
849 319 1017 364 impetum
1047 319 1109 354 flu-

56 370 154 405 minis
172 375 266 416 parte
283 372 453 416 superiore
472 372 703 406 transmittens
723 371 1004 416 tranquillitatem
1021 370 1109 405 infra

56 421 300 467 trajicientibus
317 422 473 457 lintribus
490 422 659 468 praebebat
675 438 681 457 :
709 434 871 467 equorum
889 434 968 466 pars
986 433 1108 467 magna

56 476 176 507 nantes
201 473 280 508 loris
305 485 324 507 a
348 473 514 519 puppibus
540 473 758 508 trahebantur
782 476 904 518 praeter
929 485 998 514 e05‚
1024 485 1107 518 quos

56 524 217 559 instratos
250 525 472 571 frenatosque,
507 528 545 560 ut
574 525 741 571 extemplo
774 536 908 571 egresso
937 524 973 558 in
1000 524 1105 569 ripam

56 575 162 621 equiti
178 576 254 610 usui
277 579 399 617 essent,
418 577 645 622 imposuerant
667 577 702 611 in
724 588 835 611 naves.
888 575 974 610 Galli
992 569 1200 610 occur-(28)

57 630 132 661 sant
161 626 196 661 in
224 627 332 672 ripam
359 639 435 662 cum
463 627 562 662 variis
594 627 777 662 ululatibus
807 629 976 673 cantuque
1005 627 1107 661 moris

57 678 110 712 sui
127 678 314 723 quatientes
332 681 428 713 scuta
450 691 550 724 super
567 679 679 723 capita
700 678 937 724 vibrantesque
961 677 1108 713 dexteris

58 728 133 772 tela,
152 741 350 774 quamquam
368 733 402 764 et
415 741 457 764 ex
473 731 611 765 adverso
628 729 776 765 terrebat
793 733 890 764 tanta
906 729 955 764 vis
973 729 1108 764 navium

57 792 134 814 cum
157 780 287 826 ingenti
311 792 393 815 sono
416 781 562 816 fluminis
589 784 622 816 et
647 781 790 816 clamore
814 781 906 815 vario
931 783 1110 815 nautarum

59 831 212 873 nlilitum,
243 834 276 866 et
304 832 360 877 qui
386 832 580 867 nitebantur
608 844 826 877 perrumpere
855 832 1018 876 impetum
1047 832 1107 866 fiu-

59 881 156 916 mim's
173 885 207 917 et
221 882 333 927 quiex
346 883 450 917 altera
466 884 540 928 ripa
556 883 762 929 trajicientes
781 895 860 917 suos
877 883 1108 918 hortabantur.

58 933 80 967 J
83 945 134 967 am
152 934 233 968 satis
252 937 412 978 paventes
430 934 568 969 adverso
590 934 741 969 tumultu
758 934 939 969 terribilior
955 934 996 969 ab
1013 937 1109 980 tergo
1121 939 1139 967 2

59 984 197 1019 adortus
229 985 353 1019 clamor
384 986 503 1020 eastris
536 986 576 1021 ab
609 986 777 1021 Hannone
806 986 935 1031 captis:
970 998 1047 1020 mox
1075 990 1109 1020 et

58 1035 132 1080 ipse
150 1035 274 1077 aderat,
293 1049 480 1082 ancepsque
496 1040 605 1072 terror
628 1037 866 1072 circumstabat
884 1041 917 1072 et
935 1049 952 1072 e
970 1037 1109 1072 navibus

59 1090 156 1121 tanta
184 1087 216 1121 vi
244 1091 445 1122 armatorum
478 1088 512 1122 in
540 1091 662 1123 terram
690 1088 852 1123 evadente
881 1091 915 1123 et
944 1088 984 1123 ab
1014 1092 1110 1133 tergo

59 1138 240 1183 improvisa
271 1143 442 1184 premente
478 1140 558 1174 acie.
624 1140 711 1174 Galli
744 1145 922 1186 postquam
955 1140 1140 1185 ultroque3

60 1190 128 1224 vim
150 1189 258 1224 faeere
284 1191 395 1225 conati
418 1191 638 1236 pellebantur,
661 1203 726 1237 qua
748 1195 863 1236 patere
885 1191 993 1226 visum
1020 1204 1111 1225 mux-

59 1240 124 1275 ime
147 1240 220 1280 iter,
249 1246 472 1286 perrumpunt
494 1242 683 1288 trepidique
706 1243 740 1277 in
766 1243 856 1278 vicos
880 1243 1004 1287 passim
1033 1255 1110 1277 suos

61 1291 252 1337 diffugiunt.
302 1293 473 1329 Hannibal
490 1294 618 1328 caeteris
637 1294 740 1339 copiis
759 1307 820 1338 per
837 1295 942 1329 otium
960 1294 1111 1340 trajectis
1123 1295 1143 1323 4

61 1356 221 1388 spernens
235 1344 304 1390 jam
322 1345 467 1380 Gallicos
484 1345 652 1380 tumultus
670 1348 780 1381 castra
796 1346 892 1381 locat.

108 1394 375 1440 Elephantorum
406 1396 679 1441 trajiciendorum
716 1397 808 1432 varia
841 1397 978 1432 consilia
1008 1397 1142 1432 fuisse5

62 1445 173 1487 credo,
199 1450 288 1482 certe
315 1447 441 1482 variata
464 1448 622 1483 memoria
647 1451 729 1483 aotae
757 1449 815 1483 rei.
866 1448 1012 1486 Quidam
1039 1461 1114 1483 con-

63 1497 212 1542 gregatis
226 1498 268 1532 ad
280 1498 385 1544 ripam
403 1499 589 1544 elephantis
603 1499 741 1534 tradunt
759 1500 1002 1535 ferocissimum
1016 1513 1057 1534 ex
1074 1500 1114 1534 iis

62 1548 232 1583 irritatum
257 1549 297 1584 ab
322 1553 451 1585 rectore
476 1563 546 1592 suo,
567 1564 670 1597 quum
693 1552 914 1597 refugientem
939 1553 974 1586 in
997 1564 1116 1597 aquarn

62 1602 200 1634 nantem
229 1606 435 1646 sequeretur,
466 1602 610 1637 traxisse
638 1615 784 1649 gregem,
815 1606 854 1638 ut
882 1615 1046 1648 quemque
1074 1603 1117 1637 ti-

63 1655 210 1685 mentem
243 1652 454 1687 altitudinem
487 1652 686 1689 destitneret
718 1654 851 1696 vadum,
882 1655 1013 1699 impetu
1044 1654 1117 1700 ipso

63 1702 210 1737 fluminis
239 1703 274 1737 in
300 1703 439 1739 alteram
471 1704 576 1750 ripam
602 1706 763 1751 rapiente.
815 1706 981 1741 Caeterum
1010 1707 1146 1752 magisss

65 1757 197 1789 constat
222 1754 350 1790 ratibus
378 1757 548 1801 trajectos,
579 1756 614 1791 id
638 1760 677 1792 ut
702 1757 810 1792 tutius
840 1758 1014 1793 consilium
1039 1763 1117 1793 ante
