1298 1921
115 80 129 97 ἦ
340 39 432 69 LIB.
456 38 595 70 XXIII.
619 39 672 77 37,
687 40 736 69 38.
1015 38 1075 68 185

23 81 290 155 ssz't‘is'ssiiiretun
321 113 491 148 Gracchus
520 112 652 148 obviam
679 125 722 148 ex
750 111 856 148 classe
883 123 945 147 sua
972 123 1074 146 naves

22 165 124 200 misit.
175 165 291 202 Quum
319 164 567 210 percunctando
592 165 628 199 in
651 164 757 199 vicem
785 163 960 210 cognitum
985 166 1074 198 esset
1089 169 1109 197 2

23 216 194 252 consulem
216 215 332 250 Cumis
349 228 431 259 csse,
449 228 549 251 naves
576 215 698 250 Cumas
717 215 864 261 adpulsae
885 214 1074 260 captivique

23 267 66 303 ad
91 266 260 303 consulem
290 266 425 302 deducti
449 270 483 302 et
507 267 629 302 litterae
654 266 750 302 datae.
801 265 928 301 Consul
952 265 1074 300 litteris
1089 272 1109 300 3

22 319 171 365 Philippi
201 321 301 364 atque
334 318 533 353 Hannibalis
561 319 717 364 perlectis
743 318 940 364 consignata
965 317 1076 352 omnia

23 370 66 406 ad
83 373 237 405 senatum
254 370 373 405 itinere
398 369 550 405 terrestri
567 369 668 412 misit,
687 369 827 405 navibus
852 368 971 404 devehi
988 368 1076 414 lega-

22 425 77 458 tos
104 422 218 467 jussit.
269 422 384 460 Quum
417 421 534 456 eodem
566 422 636 456 fere
668 421 721 457 die
753 421 877 456 litterae
905 420 1109 466 legatique4

22 473 167 509 Romam
198 473 369 508 venissent
402 476 436 508 et
468 473 741 518 percunctatione
766 473 856 508 facta
884 472 975 507 dicta
999 484 1077 506 cum

23 525 156 570 scriptis
181 527 414 570 congruerent,
432 524 540 569 primo
563 524 673 570 gravis
697 536 778 559 cura
800 530 912 569 patres
938 523 1077 558 incessit

23 579 210 619 cernentes,
243 578 368 621 quanta
399 575 458 610 vix
490 575 713 610 tolerantibus
753 575 920 610 Punicum
952 574 1078 610 bellum

23 627 235 662 Macedonici
262 627 338 662 belli
362 626 464 661 moles
489 627 651 661 instaret:
686 626 741 661 cui
764 630 877 661 tamen
903 626 984 661 adeo
1009 638 1078 660 non

23 678 273 714 succubuerunt
306 680 346 712 ut
378 677 545 723 extemplo
570 678 765 723 agitaretur,
797 677 1076 723 quemadmodum

24 729 114 764 ultro
131 729 303 764 inferendo
316 729 402 764 bello
420 732 610 764 averterent
628 729 668 763 ab
686 728 786 763 Italia
799 729 942 763 hostem.
993 729 1076 774 Cap·
1093 735 1111 763 5

22 781 102 815 tivis
134 780 170 815 in
193 779 326 815 vincula
350 780 448 815 condi
469 780 573 826 jussis
600 780 844 826 comitibusque
871 793 985 815 eorum
1014 780 1076 815 sub

23 832 123 866 hasta
155 831 299 867 venditis
332 831 374 866 ad
405 844 506 866 naves
539 831 660 877 viginti
694 832 850 878 quinque,
882 832 1002 878 quibus
1034 832 1074 867 P.

22 883 179 918 Valerius
211 882 351 918 Flaccus
380 883 560 928 praefectus
593 886 745 929 praeerat,
773 883 895 928 viginti
927 883 1074 929 quinque

21 934 133 980 parari
165 934 244 969 alias
278 934 471 969 decernunt.
522 934 590 969 His
621 935 821 980 comparatis
855 934 1107 980 deductisque6

23 988 58 1020 et
82 985 204 1021 additis
229 987 376 1032 quinque
404 985 554 1028 navibus,
582 998 656 1032 quae
689 985 895 1021 advexerant
925 987 1075 1031 captivos

21 1036 162 1083 legatos,
188 1037 331 1083 triginta
362 1049 463 1072 naves
496 1037 537 1072 ab
570 1037 668 1072 Ostia
691 1038 875 1072 Tarentum
905 1038 1074 1083 profectae,

19 1091 202 1135 jussusque
226 1091 263 1124 P.
282 1089 437 1125 Valerius
461 1089 622 1125 militibus
640 1090 869 1132 Varronianis,
889 1090 1011 1136 quibus
1034 1091 1075 1125 L.

21 1141 190 1186 Apustius
216 1140 347 1187 legatus
376 1141 513 1176 Tarenti
541 1144 691 1186 praeerat,
718 1142 753 1176 in
784 1154 885 1178 naves
911 1142 1077 1188 impositis

22 1192 267 1238 quinquaginta
290 1192 437 1238 quinque
465 1192 600 1227 navium
632 1193 738 1228 classe
769 1205 837 1228 non
862 1194 951 1228 tueri
978 1193 1077 1228 modo

21 1243 132 1278 Italiae
163 1255 256 1278 oram
288 1243 348 1279 sed
379 1243 554 1289 explorare
588 1244 629 1279 de
661 1244 882 1280 Macedonico
907 1244 1015 1280 bello:
1049 1245 1078 1280 si

22 1295 243 1341 congruentia
263 1295 386 1330 litteris
409 1296 664 1342 legatorumque
686 1296 816 1331 iudiciis
838 1296 987 1342 Philippi
1003 1309 1078 1332 con-

23 1346 98 1381 silia
130 1349 251 1384 essent,
285 1350 324 1382 ut
356 1347 408 1382 M.
429 1347 602 1382 Valerium
643 1350 820 1393 praetorem
852 1348 976 1383 litteris
1008 1360 1078 1383 cer-

23 1398 144 1433 tiorem
168 1398 303 1440 faceret,
326 1398 422 1444 isque
444 1399 485 1433 L.
504 1399 650 1444 Apustio
675 1399 787 1444 legato
810 1399 973 1434 exercitui
995 1411 1078 1445 prae-

47 1449 134 1484 osito
167 1450 349 1484 Tarentum
374 1449 418 1484 ad
447 1449 588 1485 classem
615 1451 787 1496 profectus
812 1451 919 1496 primo
945 1463 1078 1496 quoque

25 1503 173 1546 tempore
190 1501 226 1536 in
241 1500 474 1536 Macedoniam
490 1502 747 1545 transmitteret,
766 1501 926 1548 daretque
943 1515 1078 1548 operam

26 1554 62 1586 ut
79 1551 273 1598 Philippum
290 1552 326 1587 in
341 1564 444 1598 regno
462 1553 659 1588 contineret.
708 1553 858 1588 Pecunia
877 1553 920 1588 ad
937 1553 1077 1588 classem
1091 1559 1108 1589 7

26 1602 183 1638 tuendam
204 1603 394 1649 bellumque
416 1603 670 1639 Macedonicum
698 1616 737 1639 ea
761 1605 896 1640 decreta
917 1608 979 1647 est,
1004 1618 1077 1650 quae

27 1655 88 1700 Ap.
108 1655 247 1690 Claudio
270 1655 305 1690 in
326 1655 471 1690 Siciliam
495 1655 596 1690 missa
620 1659 692 1691 erat
717 1659 755 1691 ut
773 1657 970 1691 redderetur
992 1656 1078 1691 Hie-

27 1706 98 1741 roni
113 1718 171 1750 re<
161 1706 208 1741 i:
235 1718 274 1741 ea
296 1719 355 1752 per
376 1707 416 1741 L.
434 1707 620 1741 Antistium
644 1707 792 1753 legatum
817 1708 999 1742 Tarentum
1025 1710 1078 1742 est

47 1762 172 1793 evecta.
216 1758 324 1793 Simul
335 1757 375 1793 ab
387 1758 537 1793 Hierone
549 1759 650 1793 missa
662 1735 807 1794 doucenta
817 1759 920 1794 millia
932 1759 1077 1794 modium
