1298 1921
177 42 238 70 210
424 40 462 70 Τ.
490 40 608 70 Livii
637 39 970 70 fflSToRIARL'M
1055 81 1089 112 [A
1114 80 1133 103 C
1158 80 1204 103 ‘²14

174 115 393 160 praerogativa
411 115 606 160 suffragium
625 115 687 150 init
705 115 873 161 creatique
889 115 923 149 in
945 125 984 149 ea
1000 113 1153 148 consules
1172 115 1215 149 (2.

173 165 296 201 Fabius
319 167 488 201 Maximus
512 170 670 212 quartum
692 167 741 201 M.
759 165 937 201 Marcellus
960 166 1119 199 tertium:
1145 176 1218 198 eos-

173 217 247 252 dem
266 218 418 252 consules
436 221 564 252 caeterae
586 219 745 253 centuriae
768 218 838 253 sine
856 217 1037 251 variatione
1054 216 1121 250 ulla
1145 215 1217 249 dix-

144 272 282 303 3erunt.
331 269 378 304 Et
408 272 530 314 praetor
557 282 644 304 unus
674 269 819 304 refectus
848 269 890 306 Q.
908 268 1045 303 Fulvius
1068 267 1217 309 Phacium,

173 320 250 354 novi
268 320 322 354 alii
339 321 452 362 creati,
471 321 509 355 T.
528 320 691 355 Otacilius
718 321 859 355 Crassus
882 321 1013 361 iterum,
1032 320 1074 357 Q.
1098 319 1217 353 Fabius

172 371 318 406 consulis
336 371 422 406 filius
439 371 496 417 qui
513 375 585 406 tum
609 371 712 406 aedilis
736 371 859 406 curulis
883 374 965 412 erat,
985 371 1021 404 P.
1041 370 1217 404 Cornelius

144 422 350 457 4Lentulus.
399 422 552 457 Comitiis
581 426 765 468 praetorum
794 422 950 468 perfectis
980 425 1114 456 senatus
1143 433 1218 456 eon-

173 473 301 508 sultum
333 473 459 508 factum
492 477 531 508 ut
564 474 607 512 Q.
626 473 744 509 Fulvio
777 477 873 509 extra
904 472 1053 507 ordinem
1093 472 1219 507 urbana

173 524 343 570 provincia
359 528 458 566 esset,
477 525 571 571 isque
593 525 804 570 potissimum
830 523 1021 560 consulibus
1038 523 1079 558 ad
1097 524 1218 558 bellum

144 576 333 620 5profectis
360 575 435 610 urbi
461 580 628 621 praeesset.
677 577 784 622 Aquae
816 588 945 621 magnae
978 574 1028 610 bis
1061 587 1100 609 eo
1132 586 1218 609 anno

173 626 321 669 fuerunt,
340 627 535 672 Tiberisque
553 639 649 673 agros
675 627 848 662 inundavit
874 639 949 662 eum
972 638 1092 671 magna
1108 630 1220 670 strage

174 682 341 713 tectorum
358 690 581 724 pecorumque
598 682 632 714 et
649 679 819 713 hominum
837 678 993 723 pernicie.
1016 707 1024 717 ,

144 735 163 764 6
221 729 351 767 Quinto
367 741 455 763 anno
473 729 610 764 secundi
623 730 741 765 Punici
759 730 836 765 belli
850 730 892 767 Q.
911 729 1034 765 Fabius
1048 729 1221 764 Maximus

175 784 331 826 quartum
364 780 414 815 M.
434 780 594 816 Claudius
626 781 808 816 Marcellus
841 781 978 816 tertium
1011 780 1221 816 consulatum

174 832 329 867 ineuntes
346 831 422 877 plus
439 832 537 866 solito
554 836 788 867 converterant
805 833 840 867 in
857 845 892 867 se
909 832 1054 867 civitatis
1073 831 1198 866 animos
1213 845 1221 865 :

174 883 290 918 multis
315 883 403 918 enim
428 884 522 918 annis
547 884 613 918 tale
639 884 811 919 consulum
838 896 899 929 par
923 896 990 918 non
1014 884 1145 918 suerat:
1172 894 1223 916 re-

175 935 329 970 ferebant
347 946 442 969 senes
464 935 511 970 sic
534 935 724 969 Maximum
747 935 886 970 Rullum
909 947 984 970 cum
1002 935 1040 969 P.
1059 935 1163 969 Decio
1182 935 1223 967 ad

176 985 299 1021 bellum
327 986 500 1028 Gallicum,
532 986 579 1021 sic
606 989 681 1031 post
708 999 747 1021 ea
778 986 951 1030 Papirium
980 985 1224 1029 Carviliumque

177 1037 335 1072 adversus
362 1037 528 1072 Samnites
553 1037 774 1082 Bruttiosque
800 1040 834 1072 et
858 1037 1033 1072 Lucanum
1058 1049 1134 1072 cuin
1162 1036 1226 1070 Ta-

150 1088 310 1123 7rentino
343 1089 502 1134 populum
536 1089 689 1124 consules
723 1088 918 1123 declaratos.
967 1087 1099 1123 Absens
1132 1087 1226 1122 Mar-

178 1140 281 1175 cellus
306 1139 422 1175 consul
446 1143 588 1182 creatus,
616 1153 719 1186 quum
744 1139 785 1174 ad
809 1140 995 1175 exercitum
1020 1142 1118 1181 esset,
1143 1151 1226 1183 prze-

178 1191 267 1226 senti
298 1191 402 1226 Fabio
434 1194 536 1237 atque
568 1191 639 1237 ipso
679 1191 814 1226 comitia
853 1191 996 1226 habente
1033 1190 1226 1225 consulatus

149 1242 404 1277 Scontinuatus.
453 1242 599 1288 Tempus
623 1254 661 1278 ac
685 1243 866 1277 necessitas
889 1241 966 1277 belli
989 1253 1026 1276 ae
1050 1242 1226 1276 discrimen

178 1306 317 1328 summae
339 1306 451 1328 rerum
474 1294 639 1329 faciebant
662 1306 704 1329 nc
727 1294 801 1339 quis
822 1298 879 1328 aut
899 1294 934 1328 in
959 1292 1149 1338 exemplum
1170 1304 1225 1327 ex-

179 1346 326 1391 quireret
355 1348 414 1380 aut
447 1348 641 1391 suspectum
674 1344 868 1391 cupiditatis
900 1344 1031 1390 imperii
1058 1342 1227 1378 consulem

177 1397 336 1433 haberet:
367 1397 448 1443 quin
474 1397 656 1433 laudabant
684 1397 795 1442 potius
823 1396 1088 1443 magnitudinem
1117 1396 1228 1435 animi,

178 1448 278 1494 quod,
303 1462 405 1494 quum
431 1461 561 1484 summo
587 1449 787 1494 imperatore
812 1461 884 1483 esse
907 1460 991 1493 opus
1015 1447 1064 1482 rei
1088 1446 1228 1492 publicae

179 1500 280 1535 sciret
313 1513 416 1545 seque
443 1513 519 1535 eum
546 1500 635 1535 haud
661 1499 761 1535 dubie
788 1511 871 1541 esse,
902 1499 1038 1534 minoris
1070 1498 1229 1533 invidiam

180 1564 283 1593 suam,
303 1552 330 1587 si
349 1564 415 1597 qua
435 1564 477 1587 ex
502 1564 537 1587 re
560 1554 722 1593 oreretur,
746 1563 845 1597 quam
869 1551 1050 1586 utilitatem
1072 1550 1123 1585 rei
1145 1548 1229 1595 pub-

178 1603 250 1638 110ae
267 1603 412 1638 fecisset.

89 1656 172 1700 (10)
228 1654 306 1692 Quo
331 1653 384 1689 die
409 1654 645 1697 man-istratum
670 1653 818 1688 inierunt
843 1653 1006 1696 consules,
1031 1654 1168 1687 senatus
1194 1651 1228 1685 in

182 1704 348 1750 Capitolio
365 1708 416 1740 est
434 1705 578 1746 habitus,
599 1706 837 1750 decretumque
859 1705 1006 1739 omnium
1030 1703 1172 1749 primum
1190 1705 1228 1737 ut

181 1756 334 1792 consules
358 1757 558 1793 sortirentur
579 1759 852 1802 compararentve
875 1756 962 1791 inter
986 1767 1030 1797 se,
1059 1758 1133 1789 uter
1155 1766 1228 1789 cen-

1289 1760 1293 1790 ἰ
