1298 1921
55 82 65 89 -
148 106 162 118 ἢ
401 65 489 96 LIB.
513 65 630 96 XXII.
656 67 708 102 22,
725 66 775 97 23.
1069 69 1110 99 93

55 105 270 181 fsstclsbbliug
289 139 340 174 vir
362 139 518 185 prudens,
539 139 628 175 haud
648 139 775 174 frustra
798 139 976 175 videbatur
1000 141 1107 177 socios
1123 147 1160 180 17

54 190 227 226 mutasse:
260 190 372 236 itaque
401 191 530 237 ingenti
553 202 720 226 consensu
743 190 966 226 defectionem
992 204 1107 228 omnes

54 244 219 286 spectare,
251 253 408 288 armaque
441 242 609 288 extemplo
641 244 734 277 mota
765 242 886 284 forent,
921 243 956 278 ni
987 243 1104 286 hiems,

54 303 128 337 quae
145 292 315 327 Romanos
341 305 472 339 quoque
498 296 532 329 et
550 293 845 339 Carthaginienses
871 293 1053 330 concedere
1070 295 1105 330 in

53 345 145 378 tecta
160 344 280 389 coegit,
299 344 544 380 intervenisset.

102 395 188 430 Haec
204 394 239 429 in
255 394 420 440 Hispania
437 408 569 441 quoque
592 395 737 431 secunda
753 397 869 431 aestate
886 395 1007 431 Punici
1023 396 1102 432 belli
1112 396 1198 440 (23)

53 448 160 490 gesta,
179 458 282 492 quum
304 446 338 480 in
356 447 455 481 Italia
471 446 608 492 paulum
626 446 792 482 intervalli
810 446 959 482 cladibus
978 448 1102 483 Roma-

52 496 104 531 nis
122 496 237 532 sollers
255 498 426 532 cunctatio
441 498 535 533 Fabii
552 498 688 533 fecisset
702 513 709 532 :
736 510 809 544 quae
825 501 864 547 up
877 498 1104 534 Hannibalem

51 559 120 582 non
151 547 310 584 mediocri
342 549 522 584 sollicitum
558 561 639 584 cura
671 548 827 593 habebat,
856 549 992 584 tandem
1026 562 1103 585 eum

51 599 178 634 militiae
201 599 399 645 magistrum
425 599 588 646 delegisse
616 600 787 635 Romanos
817 604 1020 645 cernentem,
1046 601 1103 647 qui

51 649 175 685 bellum
192 651 320 686 ratione
344 663 412 686 non
428 651 565 686 fortuna
588 653 731 697 gereret,
750 651 798 686 ita
821 655 1013 698 contempta
1030 656 1103 688 erat

51 701 140 736 inter
172 701 260 737 cives
289 704 433 737 armatos
468 702 592 748 pariter
624 704 836 748 togatosque,
864 702 982 749 utique
1010 707 1105 749 post-

52 765 151 798 quam
183 752 320 788 absente
352 765 391 788 eo
423 753 615 788 temeritate
648 753 801 799 magistri
835 753 987 799 equitum
1023 754 1103 790 laeto

50 803 162 839 verius
186 803 328 838 dixerim
351 816 449 849 quam
478 816 639 850 prospero
663 808 788 839 eventu
817 807 1005 851 pugnatum
1030 806 1104 841 fue—

49 857 113 890 rat.
161 856 383 890 Accesserant
406 855 480 891 duae
497 867 550 890 res
574 855 615 890 ad
639 855 825 901 augendam
850 856 1009 891 invidiam
1035 856 1133 892 dic-2

49 906 180 948 tatoris,
198 918 266 941 una
289 906 407 941 fraude
432 918 470 941 ac
495 906 571 941 dolo
594 906 808 949 Hannibalis,
829 907 928 952 qnod,
955 920 1059 953 quum
1084 921 1104 943 a

50 957 200 1004 perfugis
225 957 256 992 ei
279 960 487 992 monstratus
512 970 592 1004 ager
621 957 795 993 dictatoris
821 962 921 1001 esset,
944 959 1102 994 omnibus

50 1009 139 1044 cirea
154 1008 224 1044 solo
248 1009 388 1054 aequatis
410 1008 451 1044 ab
473 1021 541 1044 uno
564 1021 603 1044 eo
628 1009 755 1044 ferrum
775 1009 954 1056 ignemque
978 1013 1011 1045 et
1035 1011 1103 1045 vim

49 1072 181 1095 omnem
197 1060 342 1095 hostium
358 1059 517 1095 abstineri
528 1060 644 1105 jussit,
659 1063 698 1095 ut
715 1061 840 1095 occulti
856 1061 998 1106 alicujus
1012 1062 1103 1107 pacti

49 1123 89 1146 ea
113 1123 239 1146 merces
264 1111 370 1146 videri
392 1114 517 1157 posset,
535 1111 640 1146 altera
662 1111 768 1156 ipsius
792 1112 893 1156 facto,
911 1112 1018 1158 primo
1036 1113 1103 1147 for—

49 1163 139 1198 sitan
151 1162 262 1204 dubio,
276 1163 354 1208 quia
365 1174 432 1198 non
446 1166 641 1209 exspectata
657 1162 693 1197 in
706 1175 746 1198 eo
764 1166 900 1198 senatus
919 1164 1103 1199 auctoritas

49 1217 111 1257 est,
138 1214 181 1249 ad
205 1219 393 1249 extremum
418 1214 507 1249 haud
530 1214 685 1259 ambigue
708 1214 743 1249 in
766 1215 946 1250 maximam
968 1215 1102 1250 laudem

48 1277 157 1307 verso,
178 1265 214 1300 in
238 1265 466 1311 permutandis
492 1265 643 1311 captivis,
662 1265 763 1311 quod,
787 1266 874 1301 siout
899 1266 1006 1312 primo
1029 1266 1101 1301 Pu-

47 1317 123 1352 nico
147 1316 234 1352 bello
259 1316 385 1352 factum
407 1319 491 1357 erat,
512 1319 714 1352 convenerat
738 1318 827 1352 inter
850 1316 951 1352 duces
977 1317 1102 1352 Roma-

46 1381 129 1404 num
161 1368 369 1414 Poenumque
397 1370 447 1411 ut,
482 1380 555 1414 quae
587 1381 664 1414 pars
697 1367 773 1414 plus
806 1368 972 1414 reciperet
1001 1381 1101 1415 quani

47 1420 153 1462 daret,
177 1419 308 1465 argenti
332 1419 444 1465 pondo
466 1419 546 1454 bina
570 1424 605 1455 et
631 1419 769 1455 selibras
794 1419 830 1455 in
852 1420 992 1455 militem
1017 1433 1101 1466 prae-

47 1474 164 1507 staret.
197 1471 373 1506 Ducentos
391 1470 614 1517 quadraginta
631 1474 760 1517 septem
778 1483 881 1516 quum
899 1471 1012 1516 plures
1030 1471 1100 1506 Ro·
1112 1480 1130 1509 3

45 1535 165 1557 manus
194 1534 292 1568 quam
317 1522 442 1557 Poenus
469 1523 661 1568 recepisset,
688 1525 932 1568 argentumque
960 1534 1023 1568 pro
1052 1522 1100 1557 eis

46 1573 198 1609 debitum
223 1585 312 1619 saepe
330 1573 458 1619 jactata
482 1574 518 1609 in
541 1576 661 1609 senatu
677 1586 724 1617 re,
742 1573 898 1620 quoniam
923 1586 991 1608 non
1024 1586 1100 1608 eon-

46 1625 206 1660 suluisset
223 1629 347 1670 patres,
359 1624 489 1659 tardius
506 1627 711 1671 erogaretur,
730 1624 926 1659 inviolatum
944 1625 985 1660 ab
1001 1625 1100 1660 hoste

46 1687 165 1722 agrum
193 1676 295 1711 misso
322 1676 466 1711 Romam
494 1676 625 1715 Quinto
658 1676 725 1711 filio
753 1676 905 1711 vendidit
933 1676 1100 1722 fidemque

45 1727 212 1774 publicam
229 1727 398 1774 impendio
415 1727 545 1773 privato
562 1727 715 1763 exsolvit.

93 1778 264 1815 Hannibal
288 1791 350 1824 pro
375 1779 532 1815 Gereonii
553 1778 728 1822 moem‘bus,
752 1780 849 1824 cujus
873 1778 966 1815 urbis
991 1780 1131 1825 captae‘i·
