1298 1921
0 0 1298 21 ἡ

425 54 516 85 LIB.
540 53 657 84 XXII.
681 54 733 90 33,
751 53 806 84 34.
1085 53 1146 83 105

89 94 378 174 Qassrssffjlquem
395 129 448 162 sui
465 127 597 173 generis
614 127 792 167 hominem,
811 125 903 171 plebi
920 123 1144 161 insectatione

87 180 274 226 principum
303 179 585 225 popularibusque
614 178 743 213 artibus
774 177 999 219 conciliatum,
1029 177 1070 213 ab
1101 179 1142 220 Q.

86 231 180 266 Fabii
201 230 322 276 opibus
346 233 380 265 et
405 230 582 265 dictatorio
607 229 746 275 imperio
771 241 934 264 concusso
960 228 1067 263 aliena
1091 228 1143 263 in-

84 282 173 317 vidia
194 282 436 327 splendentem,
459 281 581 327 vulgus
604 286 638 316 et
663 280 840 316 extrahere
863 279 902 314 ad
927 279 1142 314 consulatum

84 333 413 378 nitebatur—patres
438 344 568 367 summa
595 344 656 377 ope
682 331 873 372 obstabant,
897 343 939 365 ne
968 343 1003 365 se
1033 330 1142 365 insee-

82 383 187 419 tando
215 383 278 419 sibi
310 384 434 429 aequari
462 383 698 418 adsuescerent
730 383 891 417 homines.
941 382 984 419 Q.
1004 381 1172 417 Baebius5

0 438 1 456 ¹
82 435 275 471 Herennius
293 435 448 470 tribunus
471 434 588 481 plebis,
605 437 769 480 cognatus
794 435 828 469 O.
846 433 1007 475 Terentii,
1027 433 1139 468 erimi-

81 486 192 522 nando
224 499 291 521 non
323 489 477 521 senatum
510 485 608 521 modo
641 485 699 521 sed
729 486 833 521 etiam
862 497 1016 531 augures,
1051 486 1140 530 quod

82 537 278 573 dictatorem
296 537 545 583 prohibuissent
563 537 697 572 comitia
714 537 883 583 perficere,
901 548 961 582 per
978 535 1138 570 invidiam

81 602 197 625 eorum
214 590 359 625 favorem
378 589 554 625 candidato
572 601 633 624 suo
650 588 867 624 conciliabat:
894 588 934 624 ab
948 588 1138 623 hominibus

80 641 247 677 nobilibus
269 654 329 687 per
344 641 467 676 multos
490 652 593 675 annos
617 640 740 675 bellum
764 639 990 686 quaerentibus
1007 639 1140 675 Hanni-

81 691 187 727 balem
211 693 246 727 in
268 692 401 727 Italiam
427 691 619 734 adductum,
644 691 684 727 ab
709 691 826 733 isdem,
853 704 954 737 quum
981 690 1138 726 debellari

80 744 196 789 possit,
223 743 340 778 fraude
366 743 488 778 bellum
513 743 621 777 trahi:
655 755 730 778 cum
761 746 922 789 quattuor
950 742 1136 789 legionibus

79 795 243 829 universis
265 794 408 840 pugnari
431 806 528 840 posse
552 794 747 839 apparuisse
772 806 813 828 eo
839 793 928 840 quod
952 794 1002 828 M.
1021 793 1137 828 Minu-

78 846 150 880 cius
175 845 314 881 absente
339 845 442 880 Fabio
470 857 631 891 prospere
656 848 849 891 pugnasset,
877 845 959 880 duas
986 844 1134 891 legiones

78 896 169 932 hosti
186 897 228 932 ad
250 896 374 933 eaedem
397 896 546 942 objectas
570 896 689 932 deinde
712 909 755 931 ex
778 897 851 942 ipsa
876 896 965 932 caede
990 899 1133 942 ereptas,

79 951 118 983 ut
150 951 247 994 pater
275 951 505 994 patronusque
534 947 762 993 appellaretur
791 948 849 994 qui
880 948 972 993 prius
1001 948 1135 984 vincere

78 999 302 1045 prohibuisset
334 1000 505 1034 Romanos
545 1012 642 1045 quam
675 999 786 1034 vinci:
828 999 982 1034 consules
1015 999 1134 1036 deinde

77 1050 234 1086 Fabianis
257 1051 396 1092 artibus,
416 1063 518 1096 quum
544 1050 709 1086 debellare
731 1054 879 1096 possent,
901 1051 1023 1086 bellum
1039 1054 1134 1086 trax-

76 1101 163 1137 isse:
188 1101 223 1137 id
251 1101 358 1137 foedus
387 1102 475 1137 inter
503 1114 617 1137 ornnes
646 1101 773 1137 nobiles
802 1102 918 1144 ictum,
946 1114 1008 1137 nee
1033 1102 1134 1138 finem

77 1156 156 1188 ante
180 1152 260 1188 belli
281 1153 455 1188 habituros
481 1165 579 1199 quam
603 1153 771 1188 consulem
792 1166 870 1189 vere
895 1153 1073 1199 plebeium,
1098 1154 1134 1190 id

76 1206 129 1239 est
156 1204 323 1239 hominem
352 1216 486 1246 novum,
516 1204 694 1240 fecissent:
724 1217 800 1239 nam
830 1204 976 1249 plebeios
1005 1204 1132 1241 nobiles

72 1254 143 1301 jam
161 1255 286 1291 eisdem
304 1256 454 1290 initiatos
477 1267 550 1290 esse
573 1255 675 1291 sacris
699 1258 733 1290 et
756 1260 969 1291 contemnere
991 1256 1132 1302 plebem,

75 1319 117 1342 ex
134 1319 200 1353 quo
217 1307 384 1342 contemni
402 1319 422 1341 a
438 1306 592 1352 patribus
615 1306 784 1349 desierint,
807 1307 967 1352 coepisse:
994 1308 1048 1343 cui
1064 1320 1133 1343 non

73 1357 109 1393 id
126 1370 293 1404 apparere,
312 1359 346 1393 id
364 1362 475 1393 actum
493 1361 527 1393 et
551 1359 730 1404 quaesitum
747 1370 821 1393 esse
843 1362 883 1393 ut
900 1359 1131 1406 interregnum

73 1408 229 1451 iniretur,
260 1412 300 1445 ut
328 1410 364 1445 in
395 1412 526 1455 patrum
558 1412 727 1455 potestate
759 1409 894 1445 comitia
922 1413 1063 1447 essent?
1096 1413 1131 1449 id

73 1460 227 1496 eonsules
244 1460 358 1496 ambos
375 1461 418 1496 ad
434 1460 618 1496 exercitum
638 1461 797 1496 morando
815 1462 982 1507 quaesisse,
1002 1462 1034 1497 id
1053 1468 1131 1509 post

73 1524 122 1554 ea,
156 1512 234 1558 quia
265 1512 380 1548 invitis
412 1512 453 1548 iis
486 1512 631 1547 dictator
659 1516 748 1547 esset
778 1512 888 1548 dictus
917 1514 1130 1551 comitiorum

71 1575 182 1606 causa,
198 1567 428 1610 expugnatum
445 1576 518 1599 esse
535 1566 574 1598 ut
590 1563 732 1599 vitiosus
751 1563 895 1599 dictator
908 1577 968 1610 per
984 1578 1128 1612 augures

71 1614 187 1650 fieret:
209 1615 331 1650 habere
348 1615 454 1661 igitur
466 1615 697 1661 interregnum
715 1627 782 1659 eos,
796 1616 1006 1651 consuiatum
1024 1631 1129 1654 unum

71 1668 163 1701 certe
180 1666 286 1712 plebis
299 1667 462 1702 Romanae
480 1679 572 1702 esse:
598 1666 759 1712 populum
776 1667 917 1702 liberum
934 1668 1127 1705 habiturum

71 1729 110 1752 ae
134 1717 293 1752 daturum
317 1718 358 1761 ei,
386 1718 444 1764 qui
468 1718 574 1764 magis
598 1730 676 1754 vere
702 1719 836 1754 vincere
860 1731 960 1766 quam
986 1719 1044 1755 diu
1067 1721 1128 1756 im-

70 1779 188 1813 perare
204 1768 309 1805 malit.
