1298 1921
160 55 222 84 220
416 52 453 83 T.
470 51 589 82 LIVII
616 51 950 82 HISTORIARUM

160 138 297 161 eausam
312 126 430 168 dicere,
445 139 549 172 quum
566 126 703 172 purgari
720 129 924 170 nequissent,
938 92 1207 172 pr01111i1²iizic131121ii{

160 178 261 212 verba
284 177 533 222 orationemque
556 189 613 212 eos
639 177 798 212 adversus
823 190 893 212 rem
915 177 1080 222 publicam
1106 178 1209 212 habu-

161 229 237 268 isse,
273 241 338 271 quo
377 229 564 273 conjuratio
601 228 790 263 deserendae
824 229 932 263 Italiae
970 241 1070 263 causa
1102 229 1207 263 fieret.

130 279 354 314 3Secundum
383 292 439 314 eos
469 279 563 314 citati
587 280 684 314 nimis
715 279 824 315 callidi
853 280 1044 315 exsolvendi
1071 281 1210 325 jurisju-

163 331 258 366 randi
287 331 500 375 interpretes,
528 331 584 376 qui
613 331 821 373 captivorum
851 344 892 366 ex
920 331 1039 366 itinere
1067 331 1211 376 regressi

164 382 249 418 elain
277 382 310 417 in
340 385 450 417 castra
478 381 677 416 Hannibalis
707 382 864 425 solutum,
894 382 983 427 quod
1011 383 1210 428 juraverunt

132 434 341 475 4redituros,
377 435 545 467 rebantur.
607 433 673 467 His
713 433 1004 479 superioribusque
1039 433 1102 468 illis
1135 434 1212 478 equi

165 485 324 529 adempti,
342 485 399 530 qui
424 483 592 525 pubiicum
611 496 733 529 equum
759 484 936 526 habebant,
956 485 1112 530 tribuque
1129 485 1212 519 moti

133 542 151 570 5
166 537 273 571 aerarii
297 548 412 570 omnes
436 536 528 570 sacti.
577 535 697 581 Neque
723 539 842 570 senatu
865 536 962 570 niodo
986 539 1044 570 aut
1067 536 1214 581 equestri

166 588 282 622 ordine
303 587 449 633 regendo
472 599 553 621 eura
577 599 612 621 se
639 599 812 622 censorum
838 588 967 622 tenuit:
994 588 1128 622 nomina
1144 600 1214 621 oni-

166 639 259 674 nium
292 651 335 673 ex
365 639 536 684 juniorum
568 638 691 673 tabulis
724 644 962 684 excerpserunt
995 639 1050 685 qui
1084 639 1213 684 quadri-

167 690 265 725 ennio
303 701 370 724 non
407 690 618 731 militassent,
660 689 779 735 quibus
817 703 924 731 neque
958 690 1086 725 vacatio
1122 691 1214 736 justa

168 742 295 776 militiae
319 754 427 786 neque
453 741 587 776 morbus
612 753 712 776 eausa
736 742 876 777 suisset:
903 746 937 777 et
962 755 1001 777 ea
1025 754 1126 787 supra
1148 742 1213 776 duo

168 793 271 828 millia
287 793 457 827 nominum
476 793 510 827 iu
527 792 659 827 aerarios
678 793 782 827 relata
798 793 954 839 tribuque
975 806 1088 828 onmes
1112 794 1212 828 moti:

170 843 387 890 additumque
416 848 485 878 tani
518 844 610 878 tristi
638 845 796 879 censoriae
828 849 917 880 notae
949 846 1046 879 triste
1079 850 1215 879 senatus

171 897 371 939 consultum,
389 898 427 930 ut
450 896 473 930 ii
490 908 613 936 omneS,
633 908 716 940 quos
742 908 895 931 censores
921 898 1104 935 notassent,
1127 896 1217 941 pcdi-

171 947 233 983 bus
251 950 416 983 mererent
436 949 718 991 mitterenturque
743 949 777 982 in
801 949 944 983 Siciliam
970 948 1010 982 ad
1034 948 1217 982 Cannensis

172 999 339 1034 exercitus
364 999 531 1045 reliquias,
551 999 604 1034 cm¹
628 999 769 1034 militum
795 1000 908 1045 generi
926 1012 992 1034 non
1009 1000 1101 1045 prius
1119 1011 1218 1044 quani

172 1051 289 1093 pulsus
307 1051 408 1085 Italia
424 1051 530 1085 hostis
548 1053 637 1085 esset
663 1051 795 1085 finitum
821 1050 1063 1096 stipendiorum
1085 1054 1218 1093 teinpus

141 1105 254 1137 6erat.
305 1102 420 1140 Quum
443 1114 596 1137 censores
623 1102 663 1137 ob
687 1102 830 1148 inopiam
855 1102 961 1136 aerarii
986 1115 1021 1137 se
1043 1102 1111 1146 jam
1135 1101 1220 1136 loca-

173 1153 322 1188 tionibus
346 1154 552 1189 abstinerent
577 1153 697 1188 {edium
721 1166 889 1189 sacrarum
906 1153 1106 1188 tuendarum
1125 1165 1220 1187 euru-

173 1205 322 1249 liumque
339 1218 501 1250 equorum
519 1205 773 1251 praebendorum
790 1217 827 1240 ac
845 1205 1001 1240 similium
1026 1205 1076 1239 his
1097 1217 1219 1246 rerum,

174 1269 358 1292 convenere
385 1258 426 1291 ad
454 1269 510 1291 eos
535 1257 727 1302 frequentes
753 1257 810 1302 qui
835 1257 939 1291 hustae
964 1257 1064 1301 liujus
1090 1256 1221 1301 generis

175 1308 406 1350 adsueverant,
441 1308 635 1353 hortarique
669 1321 823 1343 censores
861 1312 900 1342 ut
938 1308 1049 1342 omnia
1081 1307 1221 1352 perinde

176 1363 313 1405 agerent
330 1359 478 1394 locarent
492 1371 529 1394 ae
544 1360 571 1394 si
585 1360 724 1404 pecunia
741 1360 774 1394 in
792 1360 906 1394 aerario
924 1363 1012 1394 esset
1026 1375 1032 1394 ;
1057 1359 1223 1393 neminem

176 1411 240 1445 nisi
258 1411 343 1446 bello
360 1411 513 1446 confecto
538 1411 711 1456 pecuniam
735 1411 776 1445 ab
794 1411 908 1445 aerario
933 1411 1119 1456 petiturum
1138 1422 1222 1445 esse.

145 1462 372 1498 7Convenere
401 1462 519 1496 deinde
552 1462 675 1496 domini
709 1474 833 1503 eorum,
865 1474 947 1508 quos
981 1462 1052 1496 Tib.
1073 1462 1224 1508 Sempro-

177 1514 252 1548 nius
278 1513 320 1548 ad
344 1514 577 1548 Beneventum
602 1526 703 1548 manu
728 1514 892 1555 emiserat,
920 1514 1164 1558 arcessitosque
1189 1525 1225 1548 se

179 1565 219 1600 ab
248 1565 432 1600 triumviris
461 1566 633 1600 mensariis
663 1578 735 1600 esse
765 1565 921 1600 dixerunt
953 1568 992 1599 ut
1021 1565 1130 1610 pretia
1158 1558 1226 1599 ser-

178 1629 295 1651 vorum
320 1617 530 1661 acciperent:
556 1620 714 1651 caeterum
736 1629 803 1651 non
827 1621 906 1651 ante
929 1629 1027 1662 quam
1048 1616 1133 1651 bello
1151 1629 1226 1651 eon-

147 1674 165 1703 8
179 1668 267 1702 fecto
286 1672 480 1712 accepturos
499 1680 582 1703 esse.
633 1669 747 1706 Quum
766 1668 835 1703 haec
853 1667 1022 1702 inclinatio
1040 1668 1225 1702 animorum

179 1719 284 1766 plebis
313 1719 355 1754 ad
383 1720 612 1754 sustinendam
638 1720 782 1765 inopiam
815 1719 921 1754 aerarii
946 1719 1050 1761 fieret,
1077 1719 1226 1762 pecuniae

179 1784 312 1818 quoque
334 1771 514 1818 pupillares
540 1772 645 1818 primo
671 1771 789 1806 deinde
806 1771 981 1805 viduarum
1006 1774 1122 1817 eoeptae
1148 1783 1226 1805 con-
