1298 1921
360 35 450 66 LIB.
476 34 593 65 XXII.
618 35 756 65 56—58.
1030 34 1090 65 129

36 80 71 105 Α.
88 79 118 104 c.
133 77 206 108 216]

32 111 71 148 P.
84 111 186 146 Furio
199 109 296 145 Philo
309 110 444 157 collegae
457 121 581 156 paucos
592 111 668 155 post
682 108 752 143 dies
764 107 947 143 Canusium
960 107 1091 153 magnis

32 162 209 199 itineribus
232 161 419 196 contendit.
469 160 554 196 Inde
577 160 725 195 dictator
744 171 786 194 ex
806 158 1009 194 auctoritate
1033 165 1121 203 pa-6

32 217 122 249 trum
150 212 261 248 dictus
294 213 344 248 M.
363 212 488 247 Junius
521 215 555 246 et
587 211 660 246 Tib.
681 210 896 256 Sempronius
929 210 1090 255 magister

32 264 184 310 equitum
207 263 333 299 dilectu
356 263 467 298 edicto
488 262 639 309 juniores
661 261 702 297 ab
725 261 820 296 annis
844 261 1090 307 septemdecem

33 319 68 351 et
91 314 252 361 quosdam
273 317 493 361 praetextatos
519 314 693 349 scribunt:
721 315 883 359 quattuor
907 324 949 347 ex
969 312 1021 347 his
1045 312 1090 347 le-

33 365 149 412 giones
174 369 209 401 et
234 366 323 401 mille
356 366 487 412 equites
513 365 633 400 effecti.
683 364 771 399 Item
798 363 839 398 ad
864 365 971 398 socios
1000 364 1121 400 Lati-7

32 429 180 463 numque
197 429 319 452 nomen
341 417 384 452 ad
406 417 531 452 milites
553 429 596 451 ex
617 415 761 451 formula
783 414 991 461 accipiendos
1014 415 1087 450 mit-

32 471 131 503 tunt:
166 480 258 503 arma
286 468 354 503 tela
383 468 447 503 alia
475 468 585 514 parari
612 467 746 512 jubent,
777 470 811 502 et
840 469 955 501 vetera
983 467 1089 512 spolia

32 519 181 554 hostium
199 519 384 555 detrahunt
401 519 534 564 templis
552 518 814 564 porticibusque.
848 518 894 553 Et
908 518 1003 553 aliam
1022 518 1087 553 for·
1099 522 1118 552 8

0 584 1 612 1
32 583 120 606 mam
145 571 224 606 novi
246 571 389 606 dilectus
406 570 518 616 inopia
540 570 719 605 liberorum
743 568 891 615 capitum
912 581 950 604 ac
975 582 1089 604 neces-

32 622 115 657 sitas
133 622 244 657 dedit:
271 625 348 657 octo
370 621 474 656 millia
490 623 654 666 juvenum
677 621 861 656 validorum
878 633 922 656 ex
943 621 1088 656 servitiis

32 673 125 719 prius
143 673 353 708 sciscitantes
371 672 533 717 singulos,
551 672 717 708 vellentne
739 672 891 713 militare,
915 675 950 706 et
974 676 1088 717 empta

32 724 166 770 publice
199 727 434 759 armaverunt:
467 724 521 759 hic
553 723 647 759 miles
679 724 786 769 magis
819 723 954 769 placuit,
982 736 1087 769 quum

31 776 143 821 pretio
160 776 286 811 minore
303 775 487 811 redimendi
505 775 655 821 captivos
672 775 768 820 copia
784 775 889 810 fieret.

79 827 236 872 Namque
258 827 429 862 Hannibal
446 826 629 862 secundum
645 829 715 861 tam
733 839 923 872 prosperam
941 826 984 861 ad
1001 826 1084 861 Can·
1095 831 1178 874 (58)

31 891 91 914 nas
116 891 263 925 pugnam
287 879 425 915 victoris
450 879 556 925 magis
582 891 681 925 quam
708 878 832 914 bellum
858 878 1008 924 gerentis
1034 878 1084 913 in-

33 934 147 965 tentus
181 930 280 972 curis,
315 943 419 976 quum
451 930 593 976 captivis
626 929 799 976 productis
832 930 1085 976 segregatisque

33 982 150 1025 socios,
168 982 256 1017 sicut
274 986 352 1017 ante
371 981 412 1017 ad
431 982 586 1017 Trebiam
608 981 941 1027 Trasumennumque
964 981 1083 1023 lacum,

33 1032 176 1080 benigne
208 1033 411 1079 adloquutus
441 1033 512 1068 sine
544 1033 653 1078 pretio
686 1032 878 1075 dimisisset,
913 1033 1084 1068 Romanos

32 1096 165 1130 quoque
179 1084 453 1130 vocatos—quod
469 1096 651 1130 numquam
669 1084 750 1119 alias
764 1084 993 1119 antea—satis
1010 1084 1085 1119 miti

32 1147 185 1170 sermone
210 1135 423 1182 adloquitur:
457 1148 525 1170 non
550 1136 797 1171 internecivum
822 1135 885 1171 sibi
910 1148 983 1171 esse
1008 1148 1084 1170 cum

32 1186 195 1222 Romanis
219 1187 354 1229 bellum,
381 1187 422 1222 de
448 1186 614 1231 dignitate
639 1190 740 1233 atque
766 1187 907 1233 imperio
932 1190 1081 1222 certare:

32 1242 67 1273 et
90 1242 203 1284 patres
229 1238 349 1273 virtuti
373 1239 535 1273 Romanae
560 1238 711 1281 cessisse,
736 1241 771 1274 et
794 1251 829 1274 se
854 1238 889 1273 id
913 1239 1019 1274 adniti
1044 1241 1083 1273 ut

32 1302 102 1325 suae
118 1291 155 1324 in
170 1290 277 1325 vicem
295 1290 393 1325 simul
409 1290 563 1325 felicitati
581 1293 614 1325 et
632 1290 753 1325 virtuti
770 1290 919 1325 cedatur.
962 1290 1083 1336 Itaque
1096 1296 1114 1325 2

32 1340 216 1376 redimendi
243 1353 278 1376 se
300 1341 443 1386 captivis
469 1341 598 1387 copiam
623 1341 753 1376 facere:
778 1342 927 1386 pretium
951 1341 1023 1376 fore
1048 1342 1083 1377 in

32 1393 143 1438 capita
159 1393 265 1438 equiti
290 1393 477 1439 quingenos
501 1392 716 1439 quadrigatos
739 1405 903 1436 nummos,
927 1396 1082 1428 trecenos

31 1443 147 1489 pediti,
177 1456 272 1479 servo
301 1447 471 1479 centenos.
522 1444 736 1489 Quamquam
763 1444 972 1490 aliquantum
1002 1444 1114 1489 adii-3

33 1495 184 1530 ciebatur
213 1495 382 1541 equitibus
412 1495 454 1531 ad
482 1495 517 1530 id
540 1495 687 1541 pretium
713 1507 779 1541 quo
803 1496 1001 1542 pepigerant
1028 1495 1084 1531 de-

32 1545 150 1582 dentes
175 1559 220 1590 se,
237 1546 306 1582 laeti
327 1550 441 1582 tamen
463 1559 706 1593 quamcumque
729 1547 954 1582 conditionem
976 1547 1085 1592 pacis-

32 1597 128 1633 cendi
161 1602 384 1643 aeceperunt:
426 1598 552 1644 placuit
588 1599 747 1644 suffragio
784 1598 933 1644 ipsorum
969 1598 1083 1633 decem

33 1648 135 1695 deligi
158 1650 215 1696 qui
238 1650 380 1685 Romam
398 1650 440 1685 ad
457 1653 610 1685 senatum
633 1650 740 1685 irent:
766 1662 828 1685 nec
851 1650 976 1695 pignus
994 1649 1084 1685 aliud

32 1700 110 1736 fidei
126 1713 225 1747 quam
242 1705 281 1736 ut
294 1704 450 1746 jurarent
467 1714 502 1736 se
527 1702 695 1736 redituros
721 1705 906 1746 acceptum.
954 1701 1083 1736 Missus
1095 1706 1115 1736 4·

53 1765 110 1787 um
131 1753 183 1788 his
207 1752 365 1788 Carthalo
388 1753 508 1788 nobilis
534 1753 832 1799 Carthaginiensis,
856 1753 923 1800 qui,
945 1752 975 1788 si
996 1752 1092 1795 forte,

80 1822 137 1841 mv.
153 1821 225 1841 msr.
239 1823 272 1841 11.
540 1815 562 1838 ἶ(
