<?xml version="1.0" encoding="UTF-8"?>
<!DOCTYPE html PUBLIC "-//W3C//DTD XHTML 1.0 Transitional//EN"
    "http://www.w3.org/TR/xhtml1/DTD/xhtml1-transitional.dtd">
<html xmlns="http://www.w3.org/1999/xhtml" xml:lang="en" lang="en">
 <head>
  <title>
</title>
<meta http-equiv="Content-Type" content="text/html;charset=utf-8" />
  <meta name='ocr-system' content='tesseract 3.04.00' />
  <meta name='ocr-capabilities' content='ocr_page ocr_carea ocr_par ocr_line ocrx_word'/>
</head>
<body>
  <div class='ocr_page' id='page_1' title='image "./booksxxixxivwith00livyuoft_0075.png"; bbox 0 0 1298 1921; ppageno 0'>
   <div class='ocr_carea' id='block_1_1' title="bbox 74 60 1132 129">
    <p class='ocr_par' dir='ltr' id='par_1_1' title="bbox 74 60 1132 129">
     <span class='ocr_line' id='line_1_1' title="bbox 424 60 1132 107; baseline 0.024 -17"><span class='ocrx_word' id='word_1_1' title='bbox 424 60 511 93; x_wconf 91' lang='lat' dir='ltr'>LIB.</span> <span class='ocrx_word' id='word_1_2' title='bbox 536 63 632 96; x_wconf 89' lang='lat' dir='ltr'>XXI.</span> <span class='ocrx_word' id='word_1_3' title='bbox 660 69 793 102; x_wconf 67' lang='lat'>51-53,</span> <span class='ocrx_word' id='word_1_4' title='bbox 1093 78 1132 107; x_wconf 74' lang='lat'>53</span> 
     </span>
     <span class='ocr_line' id='line_1_2' title="bbox 74 95 232 129; baseline 0.019 -11"><span class='ocrx_word' id='word_1_5' title='bbox 74 95 108 118; x_wconf 74' lang='lat' dir='ltr'>A.</span> <span class='ocrx_word' id='word_1_6' title='bbox 120 95 147 120; x_wconf 89' lang='lat' dir='ltr'>e.</span> <span class='ocrx_word' id='word_1_7' title='bbox 162 95 232 129; x_wconf 67' lang='lat'>218]</span> 
     </span>
    </p>
   </div>
   <div class='ocr_carea' id='block_1_2' title="bbox 24 126 1190 1836">
    <p class='ocr_par' dir='ltr' id='par_1_2' title="bbox 47 126 1190 1017">
     <span class='ocr_line' id='line_1_3' title="bbox 71 126 1156 194; baseline 0.029 -34"><span class='ocrx_word' id='word_1_8' title='bbox 71 126 107 161; x_wconf 86' lang='lat' dir='ltr'>in</span> <span class='ocrx_word' id='word_1_9' title='bbox 134 128 299 165; x_wconf 73' lang='lat' dir='ltr'>Romanos</span> <span class='ocrx_word' id='word_1_10' title='bbox 326 131 495 171; x_wconf 77' lang='lat' dir='ltr'>laboranti</span> <span class='ocrx_word' id='word_1_11' title='bbox 518 142 624 175; x_wconf 84' lang='lat' dir='ltr'>orant.</span> <span class='ocrx_word' id='word_1_12' title='bbox 675 142 830 182; x_wconf 87' lang='lat' dir='ltr'>Cornelio</span> <span class='ocrx_word' id='word_1_13' title='bbox 854 161 916 185; x_wconf 86' lang='lat' dir='ltr'>nec</span> <span class='ocrx_word' id='word_1_14' title='bbox 941 162 1042 187; x_wconf 82' lang='lat' dir='ltr'>eausa</span> <span class='ocrx_word' id='word_1_15' title='bbox 1065 164 1156 194; x_wconf 74' lang='grc'><strong>11007</strong></span> 
     </span>
     <span class='ocr_line' id='line_1_4' title="bbox 70 181 1124 247; baseline 0.028 -36"><span class='ocrx_word' id='word_1_16' title='bbox 70 181 202 224; x_wconf 87' lang='lat' dir='ltr'>tempus</span> <span class='ocrx_word' id='word_1_17' title='bbox 227 182 363 227; x_wconf 65' lang='lat' dir='ltr'>agendae</span> <span class='ocrx_word' id='word_1_18' title='bbox 388 185 436 220; x_wconf 87' lang='lat' dir='ltr'>rei</span> <span class='ocrx_word' id='word_1_19' title='bbox 462 187 622 233; x_wconf 76' lang='lat' dir='ltr'>placebat,</span> <span class='ocrx_word' id='word_1_20' title='bbox 647 201 869 243; x_wconf 76' lang='lat' dir='ltr'>suspectaque</span> <span class='ocrx_word' id='word_1_21' title='bbox 895 201 925 235; x_wconf 87' lang='lat' dir='ltr'>ei</span> <span class='ocrx_word' id='word_1_22' title='bbox 947 215 1030 247; x_wconf 81' lang='lat' dir='ltr'>gens</span> <span class='ocrx_word' id='word_1_23' title='bbox 1053 216 1124 241; x_wconf 73' lang='lat' dir='ltr'>emt</span> 
     </span>
     <span class='ocr_line' id='line_1_5' title="bbox 69 230 1122 292; baseline 0.029 -31"><span class='ocrx_word' id='word_1_24' title='bbox 69 240 172 273; x_wconf 87' lang='lat' dir='ltr'>quum</span> <span class='ocrx_word' id='word_1_25' title='bbox 194 230 236 266; x_wconf 93' lang='lat' dir='ltr'>ob</span> <span class='ocrx_word' id='word_1_26' title='bbox 259 232 361 268; x_wconf 80' lang='lat' dir='ltr'>infida</span> <span class='ocrx_word' id='word_1_27' title='bbox 383 236 490 271; x_wconf 83' lang='lat' dir='ltr'>multa</span> <span class='ocrx_word' id='word_1_28' title='bbox 512 239 668 286; x_wconf 75' lang='lat' dir='ltr'>facinora,</span> <span class='ocrx_word' id='word_1_29' title='bbox 697 250 780 291; x_wconf 80' lang='lat' dir='ltr'>tum,</span> <span class='ocrx_word' id='word_1_30' title='bbox 803 255 841 284; x_wconf 93' lang='lat' dir='ltr'>ut</span> <span class='ocrx_word' id='word_1_31' title='bbox 865 251 927 286; x_wconf 82' lang='lat' dir='ltr'>alia</span> <span class='ocrx_word' id='word_1_32' title='bbox 952 258 1122 292; x_wconf 75' lang='lat' dir='ltr'>vetustate</span> 
     </span>
     <span class='ocr_line' id='line_1_6' title="bbox 67 278 1121 345; baseline 0.028 -32"><span class='ocrx_word' id='word_1_33' title='bbox 67 278 318 325; x_wconf 86' lang='lat' dir='ltr'>obsolevissent‚</span> <span class='ocrx_word' id='word_1_34' title='bbox 345 285 387 321; x_wconf 89' lang='lat' dir='ltr'>ob</span> <span class='ocrx_word' id='word_1_35' title='bbox 414 294 582 326; x_wconf 80' lang='lat' dir='ltr'><strong>recentem</strong></span> <span class='ocrx_word' id='word_1_36' title='bbox 613 294 772 333; x_wconf 87' lang='lat' dir='ltr'>Boiorum</span> <span class='ocrx_word' id='word_1_37' title='bbox 800 301 993 345; x_wconf 50' lang='lat' dir='ltr'>perfidiam:</span> <span class='ocrx_word' id='word_1_38' title='bbox 1029 306 1121 342; x_wconf 85' lang='lat' dir='ltr'>Sem-</span> 
     </span>
     <span class='ocr_line' id='line_1_7' title="bbox 64 331 1120 393; baseline 0.029 -30"><span class='ocrx_word' id='word_1_39' title='bbox 64 331 201 375; x_wconf 81' lang='lat' dir='ltr'><strong>pronius</strong></span> <span class='ocrx_word' id='word_1_40' title='bbox 224 339 342 370; x_wconf 77' lang='lat' dir='ltr'>contra</span> <span class='ocrx_word' id='word_1_41' title='bbox 358 339 568 378; x_wconf 85' lang='lat' dir='ltr'>continendis</span> <span class='ocrx_word' id='word_1_42' title='bbox 585 344 620 379; x_wconf 92' lang='lat' dir='ltr'>in</span> <span class='ocrx_word' id='word_1_43' title='bbox 642 346 706 382; x_wconf 82' lang='lat' dir='ltr'>fide</span> <span class='ocrx_word' id='word_1_44' title='bbox 723 350 821 386; x_wconf 89' lang='lat' dir='ltr'>sociis</span> <span class='ocrx_word' id='word_1_45' title='bbox 845 354 1024 391; x_wconf 82' lang='lat' dir='ltr'>maximum</span> <span class='ocrx_word' id='word_1_46' title='bbox 1051 358 1120 393; x_wconf 88' lang='lat' dir='ltr'>vin-</span> 
     </span>
     <span class='ocr_line' id='line_1_8' title="bbox 63 381 1116 450; baseline 0.028 -36"><span class='ocrx_word' id='word_1_47' title='bbox 63 381 176 417; x_wconf 89' lang='lat' dir='ltr'>culum</span> <span class='ocrx_word' id='word_1_48' title='bbox 199 396 272 420; x_wconf 89' lang='lat' dir='ltr'>esse</span> <span class='ocrx_word' id='word_1_49' title='bbox 289 387 414 431; x_wconf 85' lang='lat' dir='ltr'>primos</span> <span class='ocrx_word' id='word_1_50' title='bbox 435 403 586 439; x_wconf 87' lang='lat' dir='ltr'>quosque</span> <span class='ocrx_word' id='word_1_51' title='bbox 607 398 663 442; x_wconf 90' lang='lat' dir='ltr'>qui</span> <span class='ocrx_word' id='word_1_52' title='bbox 681 400 854 445; x_wconf 81' lang='lat' dir='ltr'>eguissent</span> <span class='ocrx_word' id='word_1_53' title='bbox 877 416 940 450; x_wconf 90' lang='lat' dir='ltr'>ope</span> <span class='ocrx_word' id='word_1_54' title='bbox 963 405 1116 444; x_wconf 85' lang='lat' dir='ltr'>defensos</span> 
     </span>
     <span class='ocr_line' id='line_1_9' title="bbox 62 433 1148 497; baseline 0.029 -31"><span class='ocrx_word' id='word_1_55' title='bbox 62 433 228 470; x_wconf 84' lang='lat' dir='ltr'>censebat.</span> <span class='ocrx_word' id='word_1_56' title='bbox 278 437 365 473; x_wconf 88' lang='lat' dir='ltr'>Tum</span> <span class='ocrx_word' id='word_1_57' title='bbox 380 441 506 489; x_wconf 81' lang='lat' dir='ltr'>collega</span> <span class='ocrx_word' id='word_1_58' title='bbox 520 452 699 484; x_wconf 77' lang='lat' dir='ltr'>cunctante</span> <span class='ocrx_word' id='word_1_59' title='bbox 711 453 898 497; x_wconf 78' lang='lat' dir='ltr'>equitatum</span> <span class='ocrx_word' id='word_1_60' title='bbox 912 469 948 491; x_wconf 90' lang='lat' dir='ltr'>su</span> <span class='ocrx_word' id='word_1_61' title='bbox 955 470 1007 492; x_wconf 87' lang='lat' dir='ltr'>um</span> <span class='ocrx_word' id='word_1_62' title='bbox 1026 460 1115 495; x_wconf 82' lang='lat' dir='ltr'>mille</span> <span class='ocrx_word' id='word_1_63' title='bbox 1130 467 1148 496; x_wconf 90' lang='lat'>8</span> 
     </span>
     <span class='ocr_line' id='line_1_10' title="bbox 60 484 1112 547; baseline 0.029 -31"><span class='ocrx_word' id='word_1_64' title='bbox 60 484 213 527; x_wconf 85' lang='lat' dir='ltr'>peditum</span> <span class='ocrx_word' id='word_1_65' title='bbox 224 488 469 531; x_wconf 81' lang='lat' dir='ltr'>jaculatoribus</span> <span class='ocrx_word' id='word_1_66' title='bbox 493 495 598 532; x_wconf 87' lang='lat' dir='ltr'>ferme</span> <span class='ocrx_word' id='word_1_67' title='bbox 622 499 778 538; x_wconf 75' lang='lat' dir='ltr'>admixtis</span> <span class='ocrx_word' id='word_1_68' title='bbox 804 504 845 540; x_wconf 86' lang='lat' dir='ltr'>ad</span> <span class='ocrx_word' id='word_1_69' title='bbox 869 506 1112 547; x_wconf 86' lang='lat' dir='ltr'>defendendum</span> 
     </span>
     <span class='ocr_line' id='line_1_11' title="bbox 61 533 1142 603; baseline 0.029 -35"><span class='ocrx_word' id='word_1_70' title='bbox 61 533 223 572; x_wconf 79' lang='lat' dir='ltr'>Gallicum</span> <span class='ocrx_word' id='word_1_71' title='bbox 249 551 366 585; x_wconf 84' lang='lat' dir='ltr'>agrum</span> <span class='ocrx_word' id='word_1_72' title='bbox 390 546 482 579; x_wconf 84' lang='lat' dir='ltr'>trans</span> <span class='ocrx_word' id='word_1_73' title='bbox 503 546 657 585; x_wconf 83' lang='lat' dir='ltr'>Trebiam</span> <span class='ocrx_word' id='word_1_74' title='bbox 680 553 795 590; x_wconf 79' lang='lat' dir='ltr'>mittit.</span> <span class='ocrx_word' id='word_1_75' title='bbox 846 557 985 603; x_wconf 86' lang='lat' dir='ltr'>Sparsos</span> <span class='ocrx_word' id='word_1_76' title='bbox 1009 565 1042 596; x_wconf 89' lang='lat' dir='ltr'>et</span> <span class='ocrx_word' id='word_1_77' title='bbox 1065 563 1142 599; x_wconf 91' lang='lat' dir='ltr'>in-9</span> 
     </span>
     <span class='ocr_line' id='line_1_12' title="bbox 58 589 1111 657; baseline 0.028 -38"><span class='ocrx_word' id='word_1_78' title='bbox 58 589 262 631; x_wconf 89' lang='lat' dir='ltr'>compositos</span> <span class='ocrx_word' id='word_1_79' title='bbox 288 591 328 626; x_wconf 83' lang='lat' dir='ltr'>ad</span> <span class='ocrx_word' id='word_1_80' title='bbox 352 592 415 629; x_wconf 87' lang='lat' dir='ltr'>hoc</span> <span class='ocrx_word' id='word_1_81' title='bbox 439 608 559 641; x_wconf 83' lang='lat' dir='ltr'>graves</span> <span class='ocrx_word' id='word_1_82' title='bbox 588 602 700 645; x_wconf 73' lang='lat' dir='ltr'>praeda</span> <span class='ocrx_word' id='word_1_83' title='bbox 731 605 907 654; x_wconf 85' lang='lat' dir='ltr'>plerosque</span> <span class='ocrx_word' id='word_1_84' title='bbox 936 623 1040 657; x_wconf 90' lang='lat' dir='ltr'>quum</span> <span class='ocrx_word' id='word_1_85' title='bbox 1063 614 1111 649; x_wconf 88' lang='lat' dir='ltr'>in-</span> 
     </span>
     <span class='ocr_line' id='line_1_13' title="bbox 55 637 1109 709; baseline 0.029 -39"><span class='ocrx_word' id='word_1_86' title='bbox 55 637 208 681; x_wconf 88' lang='lat' dir='ltr'>opinatos</span> <span class='ocrx_word' id='word_1_87' title='bbox 230 641 441 687; x_wconf 82' lang='lat' dir='ltr'>invasissent,</span> <span class='ocrx_word' id='word_1_88' title='bbox 468 648 640 694; x_wconf 84' lang='lat' dir='ltr'>ingentem</span> <span class='ocrx_word' id='word_1_89' title='bbox 665 656 827 692; x_wconf 85' lang='lat' dir='ltr'>terrorem</span> <span class='ocrx_word' id='word_1_90' title='bbox 855 660 1044 709; x_wconf 67' lang='lat' dir='ltr'>caedemque</span> <span class='ocrx_word' id='word_1_91' title='bbox 1071 677 1109 700; x_wconf 82' lang='lat' dir='ltr'>ac</span> 
     </span>
     <span class='ocr_line' id='line_1_14' title="bbox 53 686 1105 759; baseline 0.029 -38"><span class='ocrx_word' id='word_1_92' title='bbox 53 686 168 733; x_wconf 84' lang='lat' dir='ltr'>fugam</span> <span class='ocrx_word' id='word_1_93' title='bbox 196 703 303 737; x_wconf 89' lang='lat' dir='ltr'>usque</span> <span class='ocrx_word' id='word_1_94' title='bbox 336 695 378 730; x_wconf 84' lang='lat' dir='ltr'>ad</span> <span class='ocrx_word' id='word_1_95' title='bbox 411 702 521 733; x_wconf 80' lang='lat' dir='ltr'>castra</span> <span class='ocrx_word' id='word_1_96' title='bbox 550 703 778 752; x_wconf 83' lang='lat' dir='ltr'>stationesque</span> <span class='ocrx_word' id='word_1_97' title='bbox 810 709 958 747; x_wconf 84' lang='lat' dir='ltr'>hostium</span> <span class='ocrx_word' id='word_1_98' title='bbox 986 715 1105 759; x_wconf 87' lang='lat' dir='ltr'>fecere,</span> 
     </span>
     <span class='ocr_line' id='line_1_15' title="bbox 52 738 1106 803; baseline 0.03 -32"><span class='ocrx_word' id='word_1_99' title='bbox 52 738 140 774; x_wconf 79' lang='lat' dir='ltr'>unde</span> <span class='ocrx_word' id='word_1_100' title='bbox 166 742 382 781; x_wconf 83' lang='lat' dir='ltr'>multitudiue</span> <span class='ocrx_word' id='word_1_101' title='bbox 408 748 514 785; x_wconf 82' lang='lat' dir='ltr'>effusa</span> <span class='ocrx_word' id='word_1_102' title='bbox 537 754 626 797; x_wconf 89' lang='lat' dir='ltr'>pulsi</span> <span class='ocrx_word' id='word_1_103' title='bbox 650 767 767 793; x_wconf 87' lang='lat' dir='ltr'>rursus</span> <span class='ocrx_word' id='word_1_104' title='bbox 793 760 942 798; x_wconf 89' lang='lat' dir='ltr'>subsidio</span> <span class='ocrx_word' id='word_1_105' title='bbox 967 777 1106 803; x_wconf 87' lang='lat' dir='ltr'>suorum</span> 
     </span>
     <span class='ocr_line' id='line_1_16' title="bbox 49 790 1104 858; baseline 0.031 -36"><span class='ocrx_word' id='word_1_106' title='bbox 49 790 204 833; x_wconf 82' lang='lat' dir='ltr'>proelium</span> <span class='ocrx_word' id='word_1_107' title='bbox 221 795 399 833; x_wconf 84' lang='lat' dir='ltr'>restituere</span> <span class='ocrx_word' id='word_1_108' title='bbox 415 815 422 834; x_wconf 90' lang='lat'>:</span> <span class='ocrx_word' id='word_1_109' title='bbox 450 802 542 837; x_wconf 83' lang='lat' dir='ltr'>varia</span> <span class='ocrx_word' id='word_1_110' title='bbox 563 803 640 840; x_wconf 88' lang='lat' dir='ltr'>inde</span> <span class='ocrx_word' id='word_1_111' title='bbox 658 819 771 854; x_wconf 81' lang='lat' dir='ltr'>pugna</span> <span class='ocrx_word' id='word_1_112' title='bbox 793 818 970 858; x_wconf 84' lang='lat' dir='ltr'>sequentes</span> <span class='ocrx_word' id='word_1_113' title='bbox 988 818 1104 853; x_wconf 89' lang='lat' dir='ltr'>ceden-</span> 
     </span>
     <span class='ocr_line' id='line_1_17' title="bbox 48 844 1104 915; baseline 0.031 -42"><span class='ocrx_word' id='word_1_114' title='bbox 48 844 166 886; x_wconf 83' lang='lat' dir='ltr'>tesque</span> <span class='ocrx_word' id='word_1_115' title='bbox 191 856 293 890; x_wconf 85' lang='lat' dir='ltr'>quum</span> <span class='ocrx_word' id='word_1_116' title='bbox 312 848 353 882; x_wconf 88' lang='lat' dir='ltr'>ad</span> <span class='ocrx_word' id='word_1_117' title='bbox 378 853 566 889; x_wconf 75' lang='lat' dir='ltr'>extremum</span> <span class='ocrx_word' id='word_1_118' title='bbox 583 863 772 902; x_wconf 74' lang='lat' dir='ltr'>aequassent</span> <span class='ocrx_word' id='word_1_119' title='bbox 795 867 972 909; x_wconf 80' lang='lat' dir='ltr'>certamen,</span> <span class='ocrx_word' id='word_1_120' title='bbox 997 872 1104 915; x_wconf 83' lang='lat' dir='ltr'>major</span> 
     </span>
     <span class='ocr_line' id='line_1_18' title="bbox 47 893 984 954; baseline 0.032 -30"><span class='ocrx_word' id='word_1_121' title='bbox 47 893 160 927; x_wconf 85' lang='lat' dir='ltr'>tamen</span> <span class='ocrx_word' id='word_1_122' title='bbox 177 907 275 940; x_wconf 78' lang='lat' dir='ltr'>quam</span> <span class='ocrx_word' id='word_1_123' title='bbox 293 898 442 936; x_wconf 87' lang='lat' dir='ltr'>hostium</span> <span class='ocrx_word' id='word_1_124' title='bbox 460 903 621 942; x_wconf 81' lang='lat' dir='ltr'>Romanis</span> <span class='ocrx_word' id='word_1_125' title='bbox 638 909 727 945; x_wconf 84' lang='lat' dir='ltr'>fama</span> <span class='ocrx_word' id='word_1_126' title='bbox 743 912 891 951; x_wconf 75' lang='lat' dir='ltr'>victoriae</span> <span class='ocrx_word' id='word_1_127' title='bbox 909 917 984 954; x_wconf 79' lang='lat' dir='ltr'>fuit,</span> 
     </span>
     <span class='ocr_line' id='line_1_19' title="bbox 93 942 1190 1017; baseline 0.031 -40"><span class='ocrx_word' id='word_1_128' title='bbox 93 942 259 981; x_wconf 65' lang='lat' dir='ltr'>Caeterum</span> <span class='ocrx_word' id='word_1_129' title='bbox 277 951 401 986; x_wconf 89' lang='lat' dir='ltr'>nemini</span> <span class='ocrx_word' id='word_1_130' title='bbox 417 956 566 991; x_wconf 86' lang='lat' dir='ltr'>omnium</span> <span class='ocrx_word' id='word_1_131' title='bbox 584 960 690 1005; x_wconf 85' lang='lat' dir='ltr'>major</span> <span class='ocrx_word' id='word_1_132' title='bbox 711 962 901 1011; x_wconf 84' lang='lat' dir='ltr'>justiorque</span> <span class='ocrx_word' id='word_1_133' title='bbox 919 980 1018 1014; x_wconf 85' lang='lat' dir='ltr'>quam</span> <span class='ocrx_word' id='word_1_134' title='bbox 1036 971 1121 1017; x_wconf 85' lang='lat' dir='ltr'>ipsi(</span> <span class='ocrx_word' id='word_1_135' title='bbox 1126 976 1190 1016; x_wconf 84' lang='lat'>53)</span> 
     </span>
    </p>

    <p class='ocr_par' dir='ltr' id='par_1_3' title="bbox 24 995 1116 1836">
     <span class='ocr_line' id='line_1_20' title="bbox 44 995 1098 1063; baseline 0.031 -37"><span class='ocrx_word' id='word_1_136' title='bbox 44 995 172 1030; x_wconf 85' lang='lat' dir='ltr'>consuli</span> <span class='ocrx_word' id='word_1_137' title='bbox 189 997 312 1035; x_wconf 83' lang='lat' dir='ltr'>videri:</span> <span class='ocrx_word' id='word_1_138' title='bbox 340 1003 463 1047; x_wconf 78' lang='lat' dir='ltr'>gaudio</span> <span class='ocrx_word' id='word_1_139' title='bbox 481 1007 600 1052; x_wconf 85' lang='lat' dir='ltr'>efferri,</span> <span class='ocrx_word' id='word_1_140' title='bbox 619 1023 684 1056; x_wconf 77' lang='lat' dir='ltr'>qua</span> <span class='ocrx_word' id='word_1_141' title='bbox 699 1018 794 1058; x_wconf 85' lang='lat' dir='ltr'>parte</span> <span class='ocrx_word' id='word_1_142' title='bbox 819 1019 990 1063; x_wconf 85' lang='lat' dir='ltr'>copiarum</span> <span class='ocrx_word' id='word_1_143' title='bbox 1014 1023 1098 1059; x_wconf 84' lang='lat' dir='ltr'>alter</span> 
     </span>
     <span class='ocr_line' id='line_1_21' title="bbox 43 1046 1096 1111; baseline 0.032 -34"><span class='ocrx_word' id='word_1_144' title='bbox 43 1046 159 1081; x_wconf 88' lang='lat' dir='ltr'>consul</span> <span class='ocrx_word' id='word_1_145' title='bbox 176 1048 284 1085; x_wconf 81' lang='lat' dir='ltr'>victus</span> <span class='ocrx_word' id='word_1_146' title='bbox 302 1052 399 1096; x_wconf 85' lang='lat' dir='ltr'>foret,</span> <span class='ocrx_word' id='word_1_147' title='bbox 419 1067 457 1090; x_wconf 79' lang='lat' dir='ltr'>ea</span> <span class='ocrx_word' id='word_1_148' title='bbox 474 1069 510 1092; x_wconf 87' lang='lat' dir='ltr'>se</span> <span class='ocrx_word' id='word_1_149' title='bbox 528 1059 646 1096; x_wconf 85' lang='lat' dir='ltr'>vicisse</span> <span class='ocrx_word' id='word_1_150' title='bbox 661 1078 668 1098; x_wconf 93' lang='lat'>:</span> <span class='ocrx_word' id='word_1_151' title='bbox 695 1066 871 1103; x_wconf 80' lang='lat' dir='ltr'>restitutos</span> <span class='ocrx_word' id='word_1_152' title='bbox 895 1082 933 1106; x_wconf 85' lang='lat' dir='ltr'>ac</span> <span class='ocrx_word' id='word_1_153' title='bbox 953 1073 1096 1111; x_wconf 80' lang='lat' dir='ltr'>refectos</span> 
     </span>
     <span class='ocr_line' id='line_1_22' title="bbox 41 1095 1095 1171; baseline 0.032 -43"><span class='ocrx_word' id='word_1_154' title='bbox 41 1095 202 1133; x_wconf 83' lang='lat' dir='ltr'>militibus</span> <span class='ocrx_word' id='word_1_155' title='bbox 226 1102 363 1147; x_wconf 83' lang='lat' dir='ltr'>animos,</span> <span class='ocrx_word' id='word_1_156' title='bbox 388 1118 450 1141; x_wconf 84' lang='lat' dir='ltr'>neo</span> <span class='ocrx_word' id='word_1_157' title='bbox 474 1121 671 1157; x_wconf 84' lang='lat' dir='ltr'>quemquam</span> <span class='ocrx_word' id='word_1_158' title='bbox 695 1127 768 1151; x_wconf 84' lang='lat' dir='ltr'>esse</span> <span class='ocrx_word' id='word_1_159' title='bbox 792 1124 913 1164; x_wconf 83' lang='lat' dir='ltr'>praeter</span> <span class='ocrx_word' id='word_1_160' title='bbox 934 1124 1095 1171; x_wconf 78' lang='lat' dir='ltr'>collegam</span> 
     </span>
     <span class='ocr_line' id='line_1_23' title="bbox 40 1147 1093 1223; baseline 0.032 -44"><span class='ocrx_word' id='word_1_161' title='bbox 40 1147 97 1191; x_wconf 90' lang='lat' dir='ltr'>qui</span> <span class='ocrx_word' id='word_1_162' title='bbox 130 1148 265 1186; x_wconf 75' lang='lat' dir='ltr'>dilatam</span> <span class='ocrx_word' id='word_1_163' title='bbox 298 1153 546 1195; x_wconf 70' lang='lat' dir='ltr'>dimicationem</span> <span class='ocrx_word' id='word_1_164' title='bbox 578 1164 700 1201; x_wconf 84' lang='lat' dir='ltr'>vellet:</span> <span class='ocrx_word' id='word_1_165' title='bbox 735 1180 812 1204; x_wconf 89' lang='lat' dir='ltr'>eum</span> <span class='ocrx_word' id='word_1_166' title='bbox 845 1172 954 1209; x_wconf 87' lang='lat' dir='ltr'>animo</span> <span class='ocrx_word' id='word_1_167' title='bbox 986 1179 1093 1223; x_wconf 82' lang='lat' dir='ltr'>magis</span> 
     </span>
     <span class='ocr_line' id='line_1_24' title="bbox 39 1209 1093 1264; baseline 0.032 -34"><span class='ocrx_word' id='word_1_168' title='bbox 39 1209 138 1242; x_wconf 83' lang='lat' dir='ltr'>quam</span> <span class='ocrx_word' id='word_1_169' title='bbox 162 1212 300 1248; x_wconf 83' lang='lat' dir='ltr'>corpore</span> <span class='ocrx_word' id='word_1_170' title='bbox 324 1218 451 1252; x_wconf 84' lang='lat' dir='ltr'>aegrum</span> <span class='ocrx_word' id='word_1_171' title='bbox 476 1214 636 1249; x_wconf 76' lang='lat' dir='ltr'>memoria</span> <span class='ocrx_word' id='word_1_172' title='bbox 660 1217 807 1254; x_wconf 87' lang='lat' dir='ltr'>vulneris</span> <span class='ocrx_word' id='word_1_173' title='bbox 833 1223 937 1259; x_wconf 82' lang='lat' dir='ltr'>aciem</span> <span class='ocrx_word' id='word_1_174' title='bbox 963 1238 1000 1262; x_wconf 86' lang='lat' dir='ltr'>ac</span> <span class='ocrx_word' id='word_1_175' title='bbox 1025 1229 1093 1264; x_wconf 85' lang='lat' dir='ltr'>tela</span> 
     </span>
     <span class='ocr_line' id='line_1_25' title="bbox 36 1246 1090 1324; baseline 0.032 -42"><span class='ocrx_word' id='word_1_176' title='bbox 36 1246 194 1287; x_wconf 85' lang='lat' dir='ltr'>horrere:</span> <span class='ocrx_word' id='word_1_177' title='bbox 221 1255 279 1290; x_wconf 89' lang='lat' dir='ltr'>sed</span> <span class='ocrx_word' id='word_1_178' title='bbox 308 1269 376 1292; x_wconf 87' lang='lat' dir='ltr'>non</span> <span class='ocrx_word' id='word_1_179' title='bbox 402 1272 476 1296; x_wconf 87' lang='lat' dir='ltr'>esse</span> <span class='ocrx_word' id='word_1_180' title='bbox 505 1275 581 1298; x_wconf 86' lang='lat' dir='ltr'>oum</span> <span class='ocrx_word' id='word_1_181' title='bbox 607 1278 696 1313; x_wconf 84' lang='lat' dir='ltr'>aegro</span> <span class='ocrx_word' id='word_1_182' title='bbox 721 1274 983 1312; x_wconf 86' lang='lat' dir='ltr'>senescendum:</span> <span class='ocrx_word' id='word_1_183' title='bbox 1010 1280 1090 1324; x_wconf 90' lang='lat' dir='ltr'>quid</span> 
     </span>
     <span class='ocr_line' id='line_1_26' title="bbox 35 1299 1089 1369; baseline 0.031 -36"><span class='ocrx_word' id='word_1_184' title='bbox 35 1299 124 1335; x_wconf 83' lang='lat' dir='ltr'>enim</span> <span class='ocrx_word' id='word_1_185' title='bbox 156 1303 246 1339; x_wconf 78' lang='lat' dir='ltr'>ultra</span> <span class='ocrx_word' id='word_1_186' title='bbox 277 1306 403 1345; x_wconf 85' lang='lat' dir='ltr'>differri</span> <span class='ocrx_word' id='word_1_187' title='bbox 436 1318 495 1347; x_wconf 74' lang='lat' dir='ltr'>aut</span> <span class='ocrx_word' id='word_1_188' title='bbox 527 1316 593 1351; x_wconf 87' lang='lat' dir='ltr'>teri</span> <span class='ocrx_word' id='word_1_189' title='bbox 625 1321 786 1365; x_wconf 82' lang='lat' dir='ltr'>tempus?</span> <span class='ocrx_word' id='word_1_190' title='bbox 820 1336 918 1369; x_wconf 89' lang='lat' dir='ltr'>quem</span> <span class='ocrx_word' id='word_1_191' title='bbox 950 1331 1089 1367; x_wconf 85' lang='lat' dir='ltr'>tertium</span> 
     </span>
     <span class='ocr_line' id='line_1_27' title="bbox 35 1352 1116 1419; baseline 0.032 -35"><span class='ocrx_word' id='word_1_192' title='bbox 35 1352 214 1396; x_wconf 84' lang='lat' dir='ltr'>consulem,</span> <span class='ocrx_word' id='word_1_193' title='bbox 250 1370 347 1403; x_wconf 88' lang='lat' dir='ltr'>quem</span> <span class='ocrx_word' id='word_1_194' title='bbox 381 1361 482 1398; x_wconf 80' lang='lat' dir='ltr'>alium</span> <span class='ocrx_word' id='word_1_195' title='bbox 516 1368 701 1405; x_wconf 76' lang='lat' dir='ltr'>exercitum</span> <span class='ocrx_word' id='word_1_196' title='bbox 729 1377 945 1419; x_wconf 82' lang='lat' dir='ltr'>exspectari?</span> <span class='ocrx_word' id='word_1_197' title='bbox 978 1385 1116 1418; x_wconf 79' lang='lat' dir='ltr'>castra2</span> 
     </span>
     <span class='ocr_line' id='line_1_28' title="bbox 35 1401 1085 1475; baseline 0.033 -40"><span class='ocrx_word' id='word_1_198' title='bbox 35 1401 361 1451; x_wconf 76' lang='lat' dir='ltr'>Carthaginiensium</span> <span class='ocrx_word' id='word_1_199' title='bbox 383 1413 418 1448; x_wconf 87' lang='grc'>111</span> <span class='ocrx_word' id='word_1_200' title='bbox 435 1415 536 1451; x_wconf 78' lang='lat' dir='ltr'>Italia</span> <span class='ocrx_word' id='word_1_201' title='bbox 552 1431 589 1453; x_wconf 79' lang='lat' dir='ltr'>ac</span> <span class='ocrx_word' id='word_1_202' title='bbox 614 1433 715 1468; x_wconf 86' lang='lat' dir='ltr'>prope</span> <span class='ocrx_word' id='word_1_203' title='bbox 732 1424 768 1459; x_wconf 88' lang='grc'>111</span> <span class='ocrx_word' id='word_1_204' title='bbox 791 1437 976 1475; x_wconf 85' lang='lat' dir='ltr'>conspectu</span> <span class='ocrx_word' id='word_1_205' title='bbox 992 1434 1085 1470; x_wconf 88' lang='lat' dir='ltr'>urbis</span> 
     </span>
     <span class='ocr_line' id='line_1_29' title="bbox 32 1460 1084 1527; baseline 0.033 -40"><span class='ocrx_word' id='word_1_206' title='bbox 32 1464 126 1489; x_wconf 88' lang='lat' dir='ltr'>esse:</span> <span class='ocrx_word' id='word_1_207' title='bbox 152 1469 220 1493; x_wconf 88' lang='lat' dir='ltr'>non</span> <span class='ocrx_word' id='word_1_208' title='bbox 245 1460 389 1498; x_wconf 82' lang='lat' dir='ltr'>Siciliam</span> <span class='ocrx_word' id='word_1_209' title='bbox 414 1478 452 1501; x_wconf 85' lang='lat' dir='ltr'>ac</span> <span class='ocrx_word' id='word_1_210' title='bbox 480 1468 665 1507; x_wconf 79' lang='lat' dir='ltr'>Sardiniam</span> <span class='ocrx_word' id='word_1_211' title='bbox 694 1475 791 1511; x_wconf 79' lang='lat' dir='ltr'>victis</span> <span class='ocrx_word' id='word_1_212' title='bbox 819 1479 992 1527; x_wconf 78' lang='lat' dir='ltr'>ademptas</span> <span class='ocrx_word' id='word_1_213' title='bbox 1021 1497 1084 1522; x_wconf 87' lang='lat' dir='ltr'>nec</span> 
     </span>
     <span class='ocr_line' id='line_1_30' title="bbox 31 1504 1083 1582; baseline 0.033 -45"><span class='ocrx_word' id='word_1_214' title='bbox 31 1504 78 1539; x_wconf 88' lang='lat' dir='ltr'>cis</span> <span class='ocrx_word' id='word_1_215' title='bbox 102 1507 267 1545; x_wconf 87' lang='lat' dir='ltr'>Hiberum</span> <span class='ocrx_word' id='word_1_216' title='bbox 290 1513 488 1560; x_wconf 82' lang='lat' dir='ltr'>Hispaniam</span> <span class='ocrx_word' id='word_1_217' title='bbox 512 1521 582 1565; x_wconf 87' lang='lat' dir='ltr'>peti</span> <span class='ocrx_word' id='word_1_218' title='bbox 607 1523 664 1558; x_wconf 87' lang='lat' dir='ltr'>sed</span> <span class='ocrx_word' id='word_1_219' title='bbox 687 1526 759 1561; x_wconf 91' lang='lat' dir='ltr'>solo</span> <span class='ocrx_word' id='word_1_220' title='bbox 781 1531 890 1574; x_wconf 82' lang='lat' dir='ltr'>patrio</span> <span class='ocrx_word' id='word_1_221' title='bbox 914 1539 1083 1582; x_wconf 84' lang='lat' dir='ltr'>terraque,</span> 
     </span>
     <span class='ocr_line' id='line_1_31' title="bbox 29 1554 1081 1631; baseline 0.033 -42"><span class='ocrx_word' id='word_1_222' title='bbox 29 1554 64 1589; x_wconf 92' lang='lat' dir='ltr'>in</span> <span class='ocrx_word' id='word_1_223' title='bbox 78 1569 143 1602; x_wconf 81' lang='lat' dir='ltr'>qua</span> <span class='ocrx_word' id='word_1_224' title='bbox 159 1561 265 1605; x_wconf 83' lang='lat' dir='ltr'>geniti</span> <span class='ocrx_word' id='word_1_225' title='bbox 281 1563 402 1608; x_wconf 86' lang='lat' dir='ltr'>forent,</span> <span class='ocrx_word' id='word_1_226' title='bbox 418 1568 495 1613; x_wconf 88' lang='lat' dir='ltr'>pelli</span> <span class='ocrx_word' id='word_1_227' title='bbox 513 1571 693 1610; x_wconf 76' lang='lat' dir='ltr'>Romanos.</span> <span class='ocrx_word' id='word_1_228' title='bbox 723 1578 926 1618; x_wconf 73' lang='lat' dir='ltr'>“Quantum</span> <span class='ocrx_word' id='word_1_229' title='bbox 943 1585 1081 1631; x_wconf 78' lang='lat' dir='ltr'>ingemi-</span> 
     </span>
     <span class='ocr_line' id='line_1_32' title="bbox 28 1610 1079 1683; baseline 0.033 -43"><span class='ocrx_word' id='word_1_230' title='bbox 28 1610 146 1643; x_wconf 86' lang='lat' dir='ltr'>scant&#39;’</span> <span class='ocrx_word' id='word_1_231' title='bbox 170 1611 281 1657; x_wconf 85' lang='lat' dir='ltr'>inquit</span> <span class='ocrx_word' id='word_1_232' title='bbox 306 1619 326 1632; x_wconf 93' lang='lat'><strong>“</strong></span> <span class='ocrx_word' id='word_1_233' title='bbox 343 1621 454 1661; x_wconf 82' lang='lat' dir='ltr'>patres</span> <span class='ocrx_word' id='word_1_234' title='bbox 478 1624 586 1658; x_wconf 87' lang='lat' dir='ltr'>nostri</span> <span class='ocrx_word' id='word_1_235' title='bbox 611 1626 698 1661; x_wconf 82' lang='lat' dir='ltr'>circa</span> <span class='ocrx_word' id='word_1_236' title='bbox 721 1632 842 1667; x_wconf 85' lang='lat' dir='ltr'>moenia</span> <span class='ocrx_word' id='word_1_237' title='bbox 866 1634 1079 1683; x_wconf 82' lang='lat' dir='ltr'>Carthaginis</span> 
     </span>
     <span class='ocr_line' id='line_1_33' title="bbox 27 1656 1078 1729; baseline 0.033 -38"><span class='ocrx_word' id='word_1_238' title='bbox 27 1656 149 1695; x_wconf 83' lang='lat' dir='ltr'>bellare</span> <span class='ocrx_word' id='word_1_239' title='bbox 181 1664 281 1706; x_wconf 77' lang='lat' dir='ltr'>soliti,</span> <span class='ocrx_word' id='word_1_240' title='bbox 313 1667 341 1702; x_wconf 92' lang='lat' dir='ltr'>si</span> <span class='ocrx_word' id='word_1_241' title='bbox 370 1669 503 1706; x_wconf 81' lang='lat' dir='ltr'>videant</span> <span class='ocrx_word' id='word_1_242' title='bbox 531 1686 602 1716; x_wconf 91' lang='lat' dir='ltr'>nos,</span> <span class='ocrx_word' id='word_1_243' title='bbox 633 1681 823 1725; x_wconf 83' lang='lat' dir='ltr'>progeniem</span> <span class='ocrx_word' id='word_1_244' title='bbox 858 1697 962 1729; x_wconf 85' lang='lat' dir='ltr'>suam,</span> <span class='ocrx_word' id='word_1_245' title='bbox 994 1688 1078 1726; x_wconf 86' lang='lat' dir='ltr'>duos</span> 
     </span>
     <span class='ocr_line' id='line_1_34' title="bbox 25 1712 1078 1785; baseline 0.033 -43"><span class='ocrx_word' id='word_1_246' title='bbox 25 1712 178 1747; x_wconf 82' lang='lat' dir='ltr'>consules</span> <span class='ocrx_word' id='word_1_247' title='bbox 205 1717 462 1766; x_wconf 78' lang='lat' dir='ltr'>consularesque</span> <span class='ocrx_word' id='word_1_248' title='bbox 491 1727 668 1771; x_wconf 76' lang='lat' dir='ltr'>exercitus,</span> <span class='ocrx_word' id='word_1_249' title='bbox 694 1730 730 1765; x_wconf 90' lang='lat' dir='ltr'>in</span> <span class='ocrx_word' id='word_1_250' title='bbox 758 1734 867 1770; x_wconf 80' lang='lat' dir='ltr'>media</span> <span class='ocrx_word' id='word_1_251' title='bbox 893 1737 993 1774; x_wconf 83' lang='lat' dir='ltr'>Italia</span> <span class='ocrx_word' id='word_1_252' title='bbox 1019 1753 1078 1785; x_wconf 83' lang='lat' dir='ltr'>pa-</span> 
     </span>
     <span class='ocr_line' id='line_1_35' title="bbox 24 1765 1076 1836; baseline 0.031 -40"><span class='ocrx_word' id='word_1_253' title='bbox 24 1765 140 1799; x_wconf 83' lang='lat' dir='ltr'>ventes</span> <span class='ocrx_word' id='word_1_254' title='bbox 156 1765 246 1801; x_wconf 84' lang='lat' dir='ltr'>intra</span> <span class='ocrx_word' id='word_1_255' title='bbox 267 1774 386 1816; x_wconf 78' lang='lat' dir='ltr'>castra,</span> <span class='ocrx_word' id='word_1_256' title='bbox 406 1773 557 1819; x_wconf 83' lang='lat' dir='ltr'>Poenum,</span> <span class='ocrx_word' id='word_1_257' title='bbox 577 1780 667 1824; x_wconf 83' lang='lat' dir='ltr'>qnod</span> <span class='ocrx_word' id='word_1_258' title='bbox 688 1782 778 1819; x_wconf 87' lang='lat' dir='ltr'>inter</span> <span class='ocrx_word' id='word_1_259' title='bbox 800 1787 906 1832; x_wconf 89' lang='lat' dir='ltr'>Alpes</span> <span class='ocrx_word' id='word_1_260' title='bbox 930 1791 1076 1836; x_wconf 71' lang='lat' dir='ltr'>Apenni-</span> 
     </span>
    </p>
   </div>
  </div>
 </body>
</html>
