1298 1921
379 31 468 62 LIB.
493 30 608 61 XXII.
634 31 747 60 8—10.
1047 31 1086 62 77

38 74 72 99 A.
86 73 115 98 c.
131 73 202 105 217]

38 113 146 149 tuens,
168 118 210 140 ne
227 104 358 141 abesset
375 105 410 141 in
431 104 619 141 discrimine
642 106 800 146 extremo,
825 103 866 138 ad
882 103 999 139 urbem
1022 104 1087 140 iter

38 157 192 192 intendit.

86 208 128 246 Q.
147 208 270 243 Fabius
293 208 463 243 Maximus
488 207 631 243 dictator
652 207 784 249 iterum,
804 218 869 252 quo
887 206 941 241 die
963 207 1116 253 magis-6

38 261 165 294 tratmn
189 259 264 294 iniit
290 262 407 294 vocato
436 265 564 302 senatu,
594 259 634 294 ab
663 259 725 293 diis
750 270 855 302 orsu&
882 270 983 304 quum
1010 258 1088 294 edo-

39 310 163 345 cuisset
181 313 293 355 patres
316 310 392 356 plus
411 310 616 356 negligentia
637 309 901 345 caerimoniarum
920 309 1088 354 auspicio-

38 373 179 407 rumque
212 374 311 407 quain
342 362 532 397 temeritate
564 364 664 407 atque
696 361 829 396 inscitia
860 364 1035 405 peccatum
1069 373 1089 395 a

40 412 79 447 G.
98 412 260 447 Flaminio
292 413 428 448 consule
460 425 541 455 esse,
571 425 709 458 quaeque
741 411 871 458 piacula
902 412 960 446 irae
989 411 1088 447 desim

38 466 151 498 essent
183 464 274 509 ipsos
303 463 381 499 deos
407 464 625 499 consulendos
651 476 732 506 esse,
758 463 897 509 pervicit
921 468 971 505 ut,
999 463 1088 508 quod

37 526 105 549 non
122 514 225 549 ferme
243 515 433 550 decernitur
449 515 513 550 nisi
538 528 640 561 quum
656 517 745 550 tetra
768 514 918 560 prodigia
934 515 1089 549 nuntiata

38 568 127 607 sunt,
147 565 325 600 decemviri
341 565 450 601 libros
465 566 642 612 Sibyllinos
659 565 750 601 adire
762 565 973 611 juberentur.
1024 566 1088 608 Qui
1099 568 1117 600 7

37 617 197 662 inspectis
215 617 371 652 fatalibus
393 617 485 652 libris
509 617 713 652 rettulerunt
730 617 892 663 patribus,
911 616 1000 662 quod
1017 619 1089 662 ejus

38 668 115 703 belli
144 680 244 703 causa
268 671 384 703 votum
411 669 517 703 Marti
542 669 638 710 foret,
660 669 695 704 id
719 681 786 703 non
810 669 874 703 rite
898 668 1024 703 factum
1050 668 1090 703 de

36 718 170 765 integro
197 726 297 765 atque
331 719 472 764 amplius
505 720 698 755 faciundum
722 732 805 761 esse,
832 723 865 754 et
890 719 968 754 Jovi
992 719 1089 754 ludos

36 781 176 816 magnos
208 774 242 805 et
269 770 355 805 aedes
385 771 509 806 Veneri
537 771 690 817 Erycinae
718 783 756 806 ac
783 770 894 805 Menti
922 770 1090 805 vovendas

37 833 120 864 esse,
146 824 180 856 et
205 821 481 867 supplicationem
505 822 815 867 lectisterniumque
840 821 1027 856 habendum
1056 824 1090 856 et

36 884 96 907 ver
113 885 243 907 sacrum
260 873 459 917 vovendum,
472 873 500 908 si
516 873 675 909 bellatum
689 886 848 919 prospere
865 877 954 908 esset
971 885 1091 919 resque

37 923 171 969 publica
186 924 222 958 in
238 923 353 959 eodem
371 937 436 970 quo
454 928 532 960 ante
552 924 676 960 bellum
693 925 814 960 fuisset
832 928 925 959 statu
942 936 1091 970 perman-

37 975 147 1010 sisset.
199 975 352 1017 Senatus,
368 976 523 1021 quoniam
540 976 679 1012 Fabium
696 976 773 1012 belli
791 988 871 1011 cura
887 979 1120 1021 occupaturass

38 1029 138 1070 esset,
171 1026 220 1061 M.
245 1027 418 1061 AEmilium
449 1031 625 1072 praetorem
660 1040 701 1063 ex
733 1027 864 1073 collegii
896 1027 1092 1073 pontificum

38 1078 208 1112 sententia
223 1078 333 1113 omnia
352 1091 391 1113 ea
412 1081 451 1113 ut
468 1082 598 1114 mature
619 1079 710 1121 fiant,
730 1091 846 1114 curare
868 1079 976 1125 jubet.
1027 1075 1182 1117 His(10)

38 1131 174 1163 senatus
199 1129 360 1164 consultis
385 1130 542 1177 perijectis
565 1130 605 1165 L.
627 1130 798 1165 Cornelius
821 1130 991 1165 Lentulus
1014 1142 1093 1176 pon»

36 1179 122 1214 tifex
147 1181 313 1216 maximus
340 1182 535 1216 consulente
564 1182 703 1228 collegio
734 1184 913 1228 praetorum
944 1182 1108 1220 omnium

36 1231 183 1276 primum
208 1232 369 1278 populum
395 1233 635 1268 consulendum
662 1233 703 1268 de
733 1245 811 1268 vere
843 1245 938 1268 sacro
967 1236 1092 1274 censet,

36 1282 168 1327 injussu
179 1283 295 1328 populi
311 1284 425 1318 voveri
441 1296 508 1318 non
525 1297 632 1330 posse.
681 1285 837 1330 Rogatus
854 1284 889 1319 in
905 1284 976 1319 haec
993 1284 1091 1319 verba
1103 1290 1121 1319 2

37 1333 196 1379 populus:
221 1334 369 1370 “Velitis
384 1334 573 1381 jubeatisne
591 1336 661 1371 haec
674 1336 721 1371 sic
734 1337 825 1371 fieri?
852 1336 878 1370 si
891 1348 944 1370 res
961 1335 1094 1381 publica

37 1385 152 1430 populi
175 1385 319 1421 Romani
343 1386 524 1429 Quiritium
545 1387 587 1422 ad
609 1387 870 1433 quinquennium
893 1387 1091 1433 proximum,

37 1436 126 1471 sieut
151 1437 249 1471 velim
272 1449 354 1482 eam,
378 1438 426 1473 sic
451 1438 543 1473 salva
567 1444 699 1474 servata
723 1439 787 1474 erit
812 1439 903 1474 hisee
927 1438 1094 1473 duellis-—

39 1487 128 1533 quod
151 1487 298 1523 duellum
320 1490 442 1535 populo
468 1490 620 1525 Romano
646 1503 722 1525 cum
746 1490 1017 1536 Carthaginiensi
1041 1494 1093 1526 est

38 1550 177 1586 quaeqne
195 1539 305 1574 duella
328 1553 404 1575 cum
428 1541 531 1576 Galh's
549 1544 628 1576 sunt
646 1542 744 1587 quive
762 1542 809 1577 cis
827 1541 930 1587 Alpes
955 1544 1091 1583 sunt—‚

38 1589 154 1624 datum
179 1590 302 1626 donum
326 1591 399 1637 duit
422 1592 565 1637 populus
592 1593 763 1628 Romanus
787 1593 983 1637 Quiritium,
1004 1593 1094 1639 quod

37 1653 97 1676 ver
129 1641 288 1677 adtulerit
322 1655 364 1678 ex
396 1643 493 1678 suillo
531 1644 630 1679 ovillo
663 1645 798 1690 caprino
835 1644 958 1679 bovillo
990 1657 1093 1690 grege

38 1704 178 1738 quaeque
206 1693 346 1738 profana
373 1699 482 1738 erunt,
509 1695 587 1730 Jovi
611 1695 683 1740 fieri
715 1708 757 1731 ex
782 1707 847 1741 qua
871 1695 924 1730 die
957 1699 1094 1730 senatus

38 1743 250 1791 populusque
274 1746 435 1791 jusserit:
463 1746 520 1792 qui
545 1747 656 1790 faciet,
685 1746 817 1794 quando
846 1747 936 1783 volet
963 1759 1094 1793 quaque
