1298 1921
434 42 523 74 LIB.
546 42 661 73 XXII.
687 43 779 72 3-5.
1090 44 1128 76 71

76 83 344 176 ssusseffiiimque
372 118 482 153 lacum
512 117 603 152 omni
631 116 723 156 clade
752 115 830 152 belli
855 119 1037 174 pervastat,
1063 128 1131 162 quo

76 170 182 215 magis
199 169 281 204 iram
299 170 387 204 hosti
402 169 442 204 ad
458 168 671 204 vindicandas
685 168 850 203 sociorum
863 167 1004 213 injurias
1019 171 1187 208 Q
1189 176 1194 191 ¹

76 220 121 255 Et
142 220 210 266 jam
233 224 453 266 pervenerant
476 220 517 255 ad
542 220 613 255 loca
638 225 718 254 nata
737 218 876 261 insidiis,
904 218 963 254 ubi
986 220 1158 254 maxime2

75 275 206 306 montes
236 271 460 307 Cortonenses
488 271 736 306 Trasumennus
766 270 876 306 subit:
910 270 965 305 via
992 275 1126 306 tantum

76 323 217 358 interest
239 327 442 369 perangusta
462 322 553 357 velut
575 321 617 356 ad
637 321 670 356 id
692 322 801 367 ipsum
827 321 867 356 de
888 321 1055 357 industria
1077 334 1130 357 re-

75 373 155 409 licto
172 375 301 420 spatio:
329 373 448 409 deinde
465 373 563 419 paulo
580 373 680 408 latior
705 372 849 418 patescit
874 384 1022 418 campus,
1049 373 1127 408 inde

76 425 175 460 colles
198 426 396 472 adsurgunt.
448 424 499 460 Ibi
522 428 632 460 castra
655 424 690 458 in
714 428 830 469 aperto
851 423 949 465 locat,
973 423 1032 459 ubi
1056 425 1156 470 ipse3

76 488 151 511 cum
168 477 259 512 Afris
276 476 374 512 modo
397 476 627 521 Hispanisque
649 474 856 510 consideret:
883 474 1040 510 Baleares
1065 488 1121 511 cae·

74 530 247 575 teramque
273 528 379 563 levem
406 531 608 575 arma-turam
634 530 711 572 post
737 529 868 561 montes
893 526 1126 568 circumducit,

75 579 206 624 equites
231 579 272 614 ad
296 580 384 625 ipsas
407 578 519 612 fauces
543 577 648 612 saltus
672 577 810 612 tumulis
833 580 910 623 apte
932 578 1125 623 tegentibus

76 630 174 672 locat,
191 634 241 675 ut,
259 630 316 665 ubi
332 630 514 665 intrassent
531 628 686 671 Romani,
699 628 829 674 objecto
844 629 998 675 equitatu
1014 629 1136 677 clausaj

77 682 188 716 onmia
204 682 278 717 lacu
296 693 333 716 ac
349 680 520 715 montibus
538 683 660 714 essent.

122 733 305 768 Flaminius
335 744 437 778 quum
463 730 569 777 pridie
595 730 674 765 solis
702 742 823 766 occasu
851 730 894 766 ad
918 730 1026 766 lacum
1052 734 1157 777 per-4

53 785 234 828 acuisset,
263 783 471 829 inexplorato
504 785 638 828 postero
667 781 720 816 die
752 781 888 817 vixdum
921 782 1002 817 satis
1034 785 1142 831 certa,

76 835 148 870 luce
166 835 332 880 angustiis
349 833 525 880 superatis,
542 836 720 878 postquam
743 833 778 867 in
800 833 1022 878 patentiorem
1039 846 1127 869 cam-

75 899 155 931 pum
177 885 277 932 pandi
301 898 420 932 agmen
444 884 554 930 coepit,
581 883 616 919 id
637 888 770 918 tautum
795 884 940 919 hostium
968 884 1058 929 quod
1081 897 1126 920 ex

75 937 214 972 adverso
231 936 303 972 erat
327 936 522 982 conspexit:
549 935 590 970 ab
612 939 709 981 tergo
727 948 764 970 ac
781 948 882 982 super
904 940 1005 982 caput
1031 936 1126 971 dece-

74 1001 154 1034 pere
182 988 319 1024 insidiae.
368 988 493 1023 Poenus
525 986 592 1028 ubi,
618 986 653 1021 id
678 986 767 1032 quod
795 987 949 1033 petierat,
974 987 1153 1022 clausum5

49 1040 149 1075 “Eac'u
172 1043 219 1076 ‘ac
242 1039 413 1074 montibus
446 1041 480 1073 et
505 1037 743 1073 circumfusum
776 1039 845 1073 suis
870 1039 974 1084 copiis
1007 1038 1125 1074 habuit

74 1091 215 1134 hostem,
248 1091 382 1136 signum
411 1089 564 1125 omnibus
598 1089 656 1124 dat
688 1089 787 1124 simul
818 1089 1005 1125 invadendi.
1055 1090 1155 1128 Quio·

74 1141 133 1177 ubi
156 1154 222 1188 qua
243 1142 364 1187 cuique
380 1141 570 1186 proximum
586 1140 652 1175 fuit
669 1140 942 1183 decucurrerunt,
961 1153 999 1176 eo
1015 1141 1125 1187 magis

74 1193 235 1227 Romanis
257 1192 371 1228 subita
394 1196 495 1238 atque
512 1192 691 1238 improvisa
710 1204 763 1226 res
785 1191 862 1235 fuit,
879 1191 969 1237 quod
992 1196 1068 1227 orta
1083 1205 1125 1228 ex

73 1243 147 1279 lacu
179 1243 302 1279 nebula
333 1255 449 1289 campo
482 1255 581 1289 quam
613 1243 784 1278 montibus
817 1243 951 1278 densior
983 1243 1124 1288 sederat,

73 1295 270 1342 agminaque
299 1295 447 1330 hostium
472 1307 514 1330 ex
537 1293 688 1341 pluribus
714 1293 853 1329 collibus
881 1294 954 1340 ipsa
974 1295 1064 1330 inter
1088 1308 1124 1330 se

73 1347 155 1381 satis
168 1349 349 1391 conspecta
362 1358 468 1392 coque
486 1346 592 1390 magis
609 1346 735 1391 pariter
752 1344 1021 1381 decucurrerant.
1056 1347 1123 1381 Ro-
1135 1351 1153 1382 7

72 1409 190 1432 manus
207 1397 349 1433 clamore
371 1397 465 1443 prius
482 1396 630 1442 undique
647 1400 722 1431 orto
745 1409 844 1442 quam
861 1397 943 1432 satis
961 1401 1122 1441 cerneret,

73 1460 109 1483 se
126 1448 389 1484 circumventum
414 1461 487 1483 esse
504 1449 619 1492 sensit,
637 1451 671 1482 et
696 1451 774 1483 ante
790 1448 826 1482 in
841 1448 987 1483 frontem
1003 1448 1123 1484 latera-

73 1512 139 1545 que
160 1500 303 1546 pugnari
324 1503 470 1546 coeptum
496 1502 548 1534 est
571 1511 669 1545 quam
693 1500 774 1534 satis
792 1500 1018 1535 instrueretur
1034 1500 1121 1535 acies

73 1554 132 1586 aut
161 1550 312 1596 expediri
338 1563 429 1586 arma
457 1551 646 1597 stringique
670 1550 771 1608 gladii
795 1555 944 1596 possent.
994 1547 1188 1588 Consulffi)

72 1602 234 1648 perculsis
256 1602 409 1637 omnibus
432 1602 505 1647 ipse
522 1602 604 1637 satis
621 1602 686 1637 ut
677 1614 712 1637 111
728 1614 764 1637 re
780 1602 943 1648 trepida
933 1602 1120 1648 impavidus

72 1653 226 1689 turbatos
248 1652 579 1689 ordines—vertente
603 1665 640 1688 se
662 1665 793 1700 quoque
818 1653 860 1688 ad
881 1653 1033 1693 dissonos
1057 1653 1120 1689 cla-

71 1705 365 1740 mores—instruit
392 1708 432 1740 ut
459 1708 593 1751 tempus
622 1704 781 1750 locusque
805 1699 961 1751 patffur,
969 1708 1013 1747 et,
1040 1717 1121 1751 qua-

73 1767 217 1803 cumque
239 1756 330 1792 adire
349 1755 522 1803 audirique
544 1759 668 1802 potest,
691 1756 891 1792 adhortatur
913 1768 951 1792 ac
976 1760 1066 1793 stare
1082 1768 1121 1792 ac
