1298 1921
370 31 458 62 LIB.
484 30 620 61 XXIII.
649 30 696 66 17,
724 31 770 60 18.
1047 30 1107 60 159

52 74 234 143 iiiuciti2smiit
260 117 305 141 ex
328 108 425 140 tanta
457 105 628 150 paucitate
661 104 872 140 interfectis:
907 102 1020 148 plures
1053 115 1108 138 ce-

52 158 220 199 cidissent,
255 157 290 192 ni
321 169 387 191 nox
420 157 539 202 proelio
572 156 820 191 intervenisset.
877 155 1020 189 Postero
1053 154 1139 191 die5

52 209 199 245 omnium
228 208 329 243 animi
357 207 398 243 ad
427 208 693 253 oppugnandum
719 205 959 248 accenduntur,
988 206 1106 251 utique

0 283 1 287 =
53 265 229 308 postquam
257 273 380 296 corona
413 273 513 295 aurea
545 261 681 295 muralis
708 259 885 305 proposita
913 261 976 300 est,
1004 261 1107 304 atque

0 316 2 338 '¹
52 314 124 358 ipse
141 313 210 346 dux
228 312 355 347 castelli
377 312 477 357 plano
500 312 576 347 loco
600 312 700 357 positi
721 323 857 357 segnem
880 310 1108 355 oppugnatio-

0 367 4 390 -“
52 376 126 399 nem
153 363 296 409 Sagunti
329 363 617 408 expugnatoribus
647 362 882 408 exprobrabat,
912 361 1105 396 Cannarum

0 419 4 442 2
51 415 336 460 Trasumennique
354 418 388 449 et
405 415 533 450 Trebiae
551 414 699 460 singulos
718 413 898 448 admonens
916 413 1107 448 universos-

0 480 5 485 ·
52 478 126 511 que.
176 465 260 500 Inde
277 467 381 501 vineae
400 479 535 511 quoque
553 469 671 511 coeptae
689 465 743 511 agi
761 464 983 510 cuniculique.
1034 465 1066 498 N
1069 476 1106 499 ee
1120 466 1139 497 6

52 517 93 552 ad
111 517 219 552 varios
243 520 382 552 conatus
406 517 553 552 hostium
577 520 635 552 aut
652 517 702 551 vis
725 516 793 551 ulla
816 519 874 550 aut
897 528 950 550 ars
969 515 1105 550 deerat:

0 582 6 588 ·
52 569 133 603 socii
158 569 387 603 Romanorum
410 568 660 615 propugnacula
682 568 843 602 adversus
862 568 974 602 vineas
998 570 1108 602 statu-

52 631 117 662 ere,
134 620 334 654 transversis
352 620 514 655 cuniculis
533 620 679 655 hostium
698 619 871 654 cuniculos
889 620 1053 664 excipere,
1072 621 1106 653 et

52 671 158 716 palam
184 674 218 705 et
244 671 327 706 clam
350 671 468 716 coeptis
493 671 624 706 obviam
650 671 710 710 ire,
732 670 837 705 donec
866 669 975 715 pudor
1004 671 1105 705 etiam

51 721 277 757 Hannibalem
305 722 346 757 ab
370 722 505 767 incepto
530 722 652 757 avertit
679 722 865 767 castrisque
890 721 1105 756 communitis

52 784 90 808 ao
114 773 268 818 praesidio
291 773 420 808 modico
445 773 615 818 imposito,
633 786 675 809 ne
700 773 824 808 omissa
845 785 899 807 res
924 773 1106 816 videretur,

51 823 86 859 in
102 823 241 859 hiberna
257 826 406 870 Capuam
425 825 602 860 concessit.

98 875 151 910 Ibi
169 878 297 921 partem
310 878 470 922 majorem
485 877 602 911 hiemis
616 875 801 911 exercitum
816 876 851 910 in
863 876 964 911 tectis
977 875 1105 919 habuit,
1122 880 1140 914 7

51 925 211 962 adversus
238 927 349 962 omnia
375 928 520 962 humana
544 927 632 962 mala
663 940 750 973 saepc
779 939 817 962 ac
847 927 905 962 diu
938 927 1106 971 duratum,

51 978 146 1014 bonis
168 979 381 1026 inexpertum
404 983 505 1026 atque
527 980 709 1015 insuetum.
760 980 882 1026 Itaque
906 992 989 1026 quos
1014 980 1106 1015 nulla
1120 987 1139 1016 8

52 1030 128 1065 mali
157 1031 282 1066 vicerat
311 1032 372 1074 vis,
401 1032 575 1077 perdidere
602 1032 704 1067 nimia
736 1033 820 1066 bona
849 1044 887 1067 ac
915 1032 1105 1078 voluptates

4 1095 10 1101 ·
50 1081 247 1123 immodicae,
264 1085 299 1118 et
317 1095 355 1118 eo
372 1083 565 1129 impensius,
586 1096 652 1130 quo
669 1083 798 1118 avidius
819 1096 860 1118 ex
877 1083 1055 1118 insolentia
1071 1084 1107 1118 iu

0 1152 2 1182 3
51 1144 107 1168 eas
125 1145 160 1168 se
178 1137 373 1170 merserant.
425 1135 569 1170 Somnus
593 1135 680 1170 enim
699 1137 733 1170 et
750 1135 864 1170 vinum
888 1138 922 1170 et
940 1135 1046 1180 epulae
1072 1138 1105 1170 et
1120 1140 1138 1170 9

50 1187 162 1219 scorta
175 1184 370 1232 balineaque
387 1188 421 1221 et
435 1186 542 1221 otium
559 1186 802 1221 consuetudine
815 1186 850 1221 in
868 1185 1105 1228 dies,blandius

49 1234 99 1270 ita
124 1240 367 1272 enervaverunt
396 1249 537 1282 corpora
562 1238 767 1284 animosque,
788 1240 828 1273 ut
853 1238 960 1284 magis
986 1237 1106 1273 deinde

49 1287 228 1332 praeteritae
251 1288 400 1324 victoriae
422 1301 479 1324 eos
505 1301 603 1335 quam
626 1291 810 1335 praesentes
835 1292 1033 1324 tutarentur
1057 1289 1106 1324 vi-

48 1349 113 1379 res,
137 1339 311 1386 majusque
335 1340 369 1375 id
394 1342 567 1386 peccatum
595 1340 689 1376 ducis
715 1340 805 1386 apud
830 1341 956 1386 peritos
981 1341 1105 1376 artium

49 1389 244 1425 militarium
266 1391 456 1433 haberetur,
477 1404 574 1437 quam
594 1391 684 1438 quod
700 1404 768 1426 non
785 1404 826 1427 ex
845 1392 1014 1427 Cannensi
1031 1393 1103 1427 acie

48 1441 202 1486 protinus
216 1441 257 1476 ad
270 1442 387 1478 urbem
401 1443 589 1478 Romanam
603 1443 775 1478 duxisset:
799 1443 855 1478 illa
867 1444 955 1479 enim
967 1447 1105 1479 cuneta-
1130 1463 1132 1465 >

1 1491 15 1531 s
49 1493 97 1528 tio
109 1493 279 1530 distulisse
292 1495 391 1530 modo
405 1496 577 1531 victoriam
590 1496 695 1531 videri
707 1497 830 1542 potuit,
843 1497 897 1532 hic
909 1509 1003 1532 error
1016 1497 1103 1532 vires

49 1545 212 1582 ademisse
240 1547 282 1582 ad
302 1548 513 1584 vincendum.
563 1549 685 1595 Itaque
702 1549 849 1592 hercule,
868 1550 961 1585 velut
979 1549 1007 1584 si
1025 1563 1100 1584 cum
1120 1554 1157 1583 10

48 1596 113 1632 alio
137 1598 293 1634 exercitu
321 1611 341 1634 a
369 1599 485 1646 Capua
514 1600 633 1641 exiret,
662 1600 746 1636 nihil
775 1613 917 1646 usquam
951 1601 1102 1647 pristinae

49 1647 231 1694 disciplinae
257 1653 389 1686 tenuit:
423 1663 498 1686 nam
529 1654 564 1687 et
592 1651 764 1687 redierunt
797 1653 947 1699 plerique
980 1653 1101 1688 scortis

2 1744 3 1747 Ἴ
49 1698 212 1745 impliciti,
245 1705 290 1746 et,
319 1702 378 1737 ubi
409 1702 555 1747 primum
588 1703 650 1738 sub
683 1703 826 1748 pellibus
853 1704 970 1740 haberi
999 1704 1102 1749 coepti

49 1756 128 1786 sunt
157 1752 276 1800 viaque
304 1756 339 1789 et
368 1754 452 1789 alius
482 1755 635 1790 militaris
663 1755 756 1791 labor
784 1757 926 1803 excepit,
953 1756 1102 1792 tironum
