1298 1921
378 60 467 91 LIB.
492 59 617 91 XXIV.
643 61 672 97 9,
693 61 737 90 10.
1031 60 1090 91 211

46 102 344 172 &ribdss‘iiireandis
368 135 504 171 comitia
525 134 663 170 haberet
688 134 880 179 priusquam
906 133 947 168 ad
969 135 1092 169 exerci-

45 191 118 223 tum
134 187 411 233 proficisceretur.
461 187 684 231 Prorogatum
698 185 816 220 deinde
830 185 1006 231 imperium
1024 198 1090 220 om-
1101 196 1120 225 2

44 239 143 274 nibus
176 238 231 284 qui
266 238 307 272 ad
339 238 506 272 exereitus
539 240 645 277 erant,
667 237 822 282 jiissique
850 236 885 271 in
914 237 1092 282 provinciis

44 302 187 332 manere,
211 288 283 324 Tib.
303 289 473 324 Gracchus
498 288 649 324 Luceriae
673 287 731 323 ubi
755 300 831 323 cum
855 288 1011 323 volonum
1036 302 1093 324 ex-

44 341 152 375 ercitu
178 346 259 379 erat.
291 340 331 375 G.
350 340 528 375 Terentius
554 340 663 374 Varro
692 339 726 374 in
752 351 833 385 agro
859 339 992 382 Piceno,
1027 341 1090 376 Μ’.

44 392 249 438 Pomponius
276 391 310 426 in
340 391 488 426 Gallico:
516 394 550 426 et
575 394 736 436 praetores
769 391 888 436 prioris
921 391 999 426 anni
1030 405 1092 438 pro

43 447 186 489 praetore
212 443 255 480 Q.
276 442 414 478 Mucius
443 442 610 477 obtineret
638 441 836 484 Sardiniam,
866 442 916 477 M.
935 443 1091 479 Valerius

44 494 86 529 ad
107 494 325 529 Brundisium
346 506 411 528 orae
433 494 607 528 maritimae
630 493 782 528 intentus
800 493 959 528 adversus
976 506 1091 530 omnes

43 548 155 580 motus
173 545 318 590 Philippi
332 544 555 579 Macedonum
572 544 660 590 regis
675 548 832 590 praeesset
847 560 854 580 ι
881 545 919 579 Ρ.
935 545 1092 581 Cornelio

42 595 190 631 Lentulo
215 596 350 642 praetori
376 596 487 631 Sicilia
519 595 653 630 decreta
680 596 860 641 provincia,
890 596 928 631 T.
947 597 1091 632 Otacilio

43 647 156 683 classis
183 647 297 682 eadem
329 659 428 693 quam
460 646 620 682 adversus
653 646 948 693 Carthaginienses
981 649 1092 694 priore

43 710 129 733 anno
146 698 325 733 habuisset.

0 786 1 790 ,
89 749 248 795 Prodigia
278 761 317 784 eo
349 761 438 784 anno
470 749 577 784 multa
610 749 766 784 nuntiata
798 753 887 793 sunt,
920 764 993 797 quae
1026 760 1123 798 qu03

0 794 1 815 ³
41 801 147 847 magis
165 800 345 836 credebant
363 800 529 846 simplices
546 813 584 836 ae
601 800 745 847 religiosi
766 801 926 845 homines,
941 815 980 838 eo
998 803 1094 849 plura

40 851 306 887 nuntiabantur:
340 852 485 887 Lanuvii
509 852 544 887 in
568 851 638 887 aede
666 853 758 886 intus
784 853 926 899 Sospitae
949 855 1093 890 Junonis

41 915 158 938 corvos
175 903 291 938 nidum
309 903 438 946 fecisse,
451 903 487 938 in
503 903 627 949 Apulia
643 903 785 948 palmam
802 904 943 940 viridem
960 906 1092 949 arsisse,

41 955 196 989 Mantuae
210 958 367 1000 stagnum
380 955 520 990 effusum
540 954 667 990 Mincio
681 955 769 989 amni
786 960 961 991 cruentum
976 957 1094 1003 visum,

41 1009 76 1041 et
102 1005 237 1041 Calibus
263 1010 355 1041 creta
387 1010 421 1041 et
447 1006 565 1041 Romae
593 1006 628 1040 in
660 1006 733 1041 foro
766 1006 902 1042 bovario
931 1009 1094 1055 sanguine

41 1057 197 1103 pluvisse,
216 1060 250 1092 et
267 1057 302 1092 in
325 1057 397 1093 vico
415 1057 545 1092 Insteio
569 1057 697 1092 fontem
715 1057 776 1093 sub
801 1061 925 1094 terram
949 1062 1045 1095 tanta
1062 1061 1094 1096 vi

41 1121 203 1155 aquarum
233 1110 371 1145 fluxisse
404 1114 443 1144 ut
476 1109 580 1145 serias
605 1109 768 1155 doliaque,
796 1123 869 1157 quae
894 1111 929 1146 in
954 1124 993 1147 eo
1021 1112 1094 1148 loco

41 1165 148 1204 erant,
171 1161 349 1206 provoluta
368 1160 461 1196 velut
485 1160 631 1207 impetus
655 1161 815 1196 torrentis
840 1163 977 1198 tulerit:
1003 1169 1094 1199 tacta

43 1211 85 1247 de
109 1212 192 1247 coelo
212 1212 333 1247 atrium
356 1212 525 1258 publicum
548 1212 583 1247 in
601 1212 776 1258 Capitolio,
796 1213 898 1249 aedem
923 1214 958 1249 in
978 1227 1094 1261 campo

43 1263 197 1307 Vulcani,
218 1276 337 1299 nucem
366 1264 401 1299 in
426 1263 566 1306 Sabinis,
592 1263 825 1310 publicamque
850 1265 936 1300 viam
961 1279 1094 1302 murum

40 1327 80 1350 ac
105 1318 235 1360 portam
260 1315 383 1351 Gabiis.
433 1316 510 1350 Jam
543 1315 607 1350 alia
630 1315 769 1361 vulgata
792 1316 952 1352 miracula
975 1322 1070 1354 erant
1086 1329 1126 1358 :4

40 1366 173 1401 hastam
198 1367 319 1402 Martis
342 1367 515 1402 Praeneste
538 1379 599 1402 sua
621 1370 742 1412 sponte
759 1371 956 1413 promotam,
976 1369 1095 1405 bovem

39 1417 77 1453 in
100 1418 212 1453 Sicilia
231 1418 418 1464 loquutum,
435 1418 597 1453 infantem
622 1419 658 1452 in
682 1420 780 1453 utero
804 1420 920 1454 matris
943 1421 977 1455 in
1002 1421 1095 1456 Mar-

39 1469 167 1505 rucinis
197 1471 271 1504 “Io
299 1469 494 1515 triumphe''
526 1469 695 1511 clamasse,
726 1481 768 1504 ex
795 1471 934 1506 muliere
968 1472 1095 1518 Spoleti

39 1521 148 1556 virum
162 1520 300 1564 factum,
314 1520 453 1556 Hadriae
470 1533 560 1556 aram
574 1521 610 1556 in
623 1520 705 1556 eoelo
719 1521 910 1568 speciesque
923 1523 1095 1560 hominum

40 1572 167 1608 circum
184 1584 256 1607 eam
279 1584 355 1608 cum
375 1572 515 1608 eandida
530 1575 625 1608 veste
649 1571 737 1607 visas
754 1584 846 1608 esse:
874 1574 954 1620 quin
979 1575 1095 1612 Romae

40 1636 173 1670 quoque
195 1624 231 1659 in
254 1624 328 1670 ipsa
354 1624 438 1660 urbe
466 1623 650 1659 seeundum
673 1635 773 1669 apum
798 1637 940 1661 examen
964 1626 998 1661 in
1022 1627 1096 1662 foro

40 1676 149 1711 visum
178 1675 392 1711 adfirmantes
417 1675 552 1721 quidam
575 1675 724 1721 legiones
750 1688 784 1711 se
809 1680 954 1713 armatas
979 1678 1014 1712 in
1040 1679 1096 1713 Ja-

41 1727 153 1763 niculo
184 1727 298 1763 videre
330 1728 584 1763 concitaverunt
617 1727 789 1762 civitatem
817 1728 859 1763 ad
891 1741 1002 1765 arma:
1038 1730 1096 1776 qui

43 1793 147 1828 quum
184 1780 220 1816 in
256 1780 411 1817 Janieulo
450 1784 574 1824 essent,
606 1780 774 1826 negarunt
810 1795 1011 1829 quemquam
1050 1784 1096 1820 ibi
