1298 1921
0 0 1027 24 ——-—-————⁷

90 45 142 76 ch.
153 44 451 86 xxxv.—xxxviii.]
555 45 677 77 LIVY.
1103 50 1145 79 25

92 140 253 177 recipiente
283 133 444 178 vest'z‘gium
459 155 501 167 =
517 139 553 169 οὐ
575 137 738 177 δυνάμενοι
765 139 826 175 τὴν
850 137 936 170 κάτω
961 139 1055 179 χιόνα
1078 141 1144 171 δια-

91 185 218 217 κόπτειν
239 185 275 216 of
293 185 536 227 Polybius.-—in
555 199 662 227 prono,
679 187 814 218 ἐπιπολὺ
840 190 1028 228 κατωφερῶν
1047 187 1146 219 ὄντων

91 234 153 263 τῶν
167 232 300 273 χωρίων.

133 281 161 311 b.
185 283 259 320 ipsis
269 283 473 319 adminiculis,
491 282 544 313 i.e.
559 284 696 313 manibus
712 287 741 313 et
749 288 926 322 geum—ut,
937 295 1144 314 seu...corru-

90 333 183 359 erent.
222 327 319 359 ὁπότε
344 327 498 361 πεσόντες
522 331 709 367 βουληθεῖεν
735 329 755 367 ἢ
781 331 848 361 τοῖς
873 328 1006 368 ’γόνασιν
1030 330 1050 368 ἢ
1073 333 1145 363 ταῖς

89 375 184 415 χερσὶ
211 376 511 417 προσεξερείσασθαι
537 377 614 416 πρὸς
643 377 702 415 τὴν
733 376 941 416 ἐξανάστασιν
967 378 1012 417 (in
1039 390 1143 409 assur-

87 424 200 463 gendo)
215 424 292 455 τότε
312 425 363 455 καὶ
384 426 510 463 μᾶλλον
525 424 684 457 ἐπέπλεον
699 423 763 464 ἅμα
778 426 856 456 πᾶσι
870 426 937 457 τοῖς
960 425 1145 466 ἐρείσμασιν

91 471 180 511 (ipsis
195 474 419 513 adminiculis).

131 530 161 550 c.
181 522 403 558 volutabantur,
421 521 667 552 “fioundered.”

131 569 161 598 6.
183 570 312 606 infimam
338 571 443 606 nivem,
469 570 488 600 ῑ.
500 580 525 600 e.
544 570 598 599 the
625 579 710 600 snow
741 570 776 600 of
804 570 859 600 the
888 570 1000 601 winter
1024 571 1142 609 before,

88 615 191 645 which
208 616 269 646 had
284 617 411 647 become
428 617 508 647 hard
524 627 563 647 on
580 618 632 648 the
649 617 859 648 surface.-z'n
882 620 1066 655 commitendo,
1083 619 1145 649 “in

89 663 171 693 their
199 664 390 704 struggleS.''
456 664 545 694 With
575 665 627 694 the
658 665 758 695 whole
789 676 930 705 passage,
960 667 1141 697 Jumenta...

87 713 197 749 glacie,
223 712 264 742 cf.
288 712 355 742 Pol.
379 711 423 742 iii.
447 713 499 742 55.
525 713 566 743 5:
601 712 642 742 τὰ
666 713 691 743 δ’
723 711 876 751 ὑποζύγια
903 712 1066 744 διέκοπτεν
1090 713 1145 744 ὅτε

87 756 180 788 πέσοι
195 758 254 796 τὴν
269 757 353 790 κάτω
367 758 461 798 χιόνα
481 759 562 790 κατὰ
581 760 641 796 τὴν
661 758 878 790 διανοίστασιν·
905 761 1095 801 διακόψαντα
1109 760 1144 792 δὲ

89 804 177 842 ἔμενε
189 805 271 844 μετὰ
284 809 346 837 τῶν
361 805 497 846 φορτίων
513 805 577 837 οἷον
595 807 846 845 καταπεπηγότα
867 807 916 839 διά
931 821 967 839 τε
981 809 1018 839 τὸ
1034 807 1141 850 βάρος,

88 853 138 884 καὶ
155 853 203 884 διὰ
217 853 255 884 τὸ
270 856 382 894 πῆγμα
395 856 451 892 τῆς
467 854 730 895 προϋπαρχούσης
745 854 860 894 χιόνος.

130 917 315 949 XXXVII.
345 920 375 950 2.
397 923 491 949 aceto,
547 919 701 960 Polybius
737 918 795 949 has
828 919 965 959 nothing
1000 919 1037 949 of
1067 919 1144 951 this.

87 965 184 1006 Pliny
198 966 357 996 mentions
373 967 406 1003 it,
424 967 538 997 xxxiii.
554 969 583 998 3.

130 1016 160 1044 4.
178 1024 206 1044 a.
233 1014 449 1046 Quatridumn.
494 1015 562 1045 The
589 1025 657 1055 way
670 1025 733 1045 was
755 1015 849 1045 made
874 1015 1070 1055 practicable
1096 1016 1146 1046 for

87 1061 139 1092 the
156 1061 264 1092 horses
279 1062 341 1092 and
356 1062 616 1103 baggage-cattle
634 1063 666 1093 in
687 1073 746 1093 one
763 1063 834 1103 day,
852 1063 910 1093 but
925 1063 950 1093 it
966 1063 1040 1093 took
1056 1064 1145 1095 three

88 1109 166 1150 days
194 1109 305 1149 longer
328 1115 359 1140 to
386 1110 480 1141 make
504 1112 527 1141 it
552 1110 696 1151 passable
723 1111 771 1140 for
795 1111 847 1141 the
871 1111 1045 1151 elephants.
1092 1112 1144 1143 Cf.

87 1157 159 1188 Pol.
174 1156 217 1188 iii.
235 1158 287 1187 55.
303 1156 333 1189 7.

130 1205 158 1235 b.
181 1206 263 1234 nuda
285 1207 473 1235 enim...loca
486 1218 496 1236 :
528 1207 591 1235 τῶν
613 1205 675 1245 ’γὰρ
693 1203 841 1236 “Ἀλπεων
862 1205 904 1236 τὰ
922 1204 982 1244 μὲν
997 1207 1076 1247 ἄκρα
1090 1207 1142 1238 καὶ

86 1252 127 1283 τὰ
151 1251 226 1291 πρὸς
249 1252 306 1283 τὰς
328 1252 505 1291 ὑπερβολὰς
528 1251 685 1289 ἀνήκοντα
707 1253 825 1284 τελέως
847 1254 976 1294 ἅδενδρα
997 1255 1048 1285 καὶ
1064 1256 1142 1292 ψιλὰ

86 1299 176 1331 πάντ’
190 1300 268 1336 ἐστὶ,
286 1300 334 1330 διὰ
346 1300 383 1330 τὸ
398 1302 540 1340 συνεχῶς
554 1299 710 1339 ἐπιμένειν
723 1301 782 1337 τὴν
799 1300 891 1339 χιόνα
905 1302 955 1332 καὶ
972 1301 1075 1342 θέρους
1089 1303 1141 1333 καὶ

87 1349 247 1387 χειμῶνος·
276 1347 317 1378 τὰ
341 1349 367 1378 δ’
390 1348 447 1378 ὑπὸ
473 1347 575 1386 μέσην
597 1348 657 1385 τὴν
680 1348 852 1386 παρώρειαν
878 1350 909 1388 ἐξ
935 1350 1051 1389 ἀμφοῖν
1072 1351 1142 1381 τοῖν

85 1397 201 1436 μεροῖν,
217 1395 357 1435 ὑλοφόρα
372 1395 423 1426 καὶ
438 1395 635 1436 δενδροφόρα,
653 1396 703 1427 καὶ
720 1396 758 1426 τὸ
775 1396 850 1427 ὅλον
865 1397 1013 1436 οἷκὴσιμα
1029 1398 1126 1429 ἐστιν.

128 1456 333 1487 XXXVIII.
364 1459 391 1489 1.
414 1461 517 1498 quinto
533 1460 644 1489 decimo
660 1461 719 1489 die.
748 1458 799 1488 On
814 1459 866 1489 the
882 1460 973 1490 ninth
990 1461 1051 1500 day
1064 1460 1141 1501 they

86 1506 220 1537 reached
236 1506 287 1536 the
304 1506 437 1536 summit
450 1507 486 1536 of
499 1507 553 1537 the
570 1507 690 1537 centra]
706 1507 813 1547 ridge;
840 1507 927 1538 there
942 1508 1018 1549 they
1031 1509 1141 1540 halted

86 1559 146 1585 two
162 1554 249 1594 days,
266 1554 328 1583 and
350 1554 420 1584 four
441 1554 519 1594 days
534 1565 614 1585 were
638 1560 729 1595 spent
751 1555 785 1584 in
808 1554 993 1596 pioneering
1015 1557 1068 1587 the
1083 1557 1138 1586 de-

86 1606 193 1638 scent;
208 1602 265 1631 but
280 1601 333 1631 the
348 1601 448 1631 whole
463 1612 554 1643 army
571 1603 624 1633 did
641 1608 695 1633 not
708 1602 802 1632 reaeh
819 1602 871 1633 the
886 1603 990 1644 plains
1006 1605 1041 1635 of
1054 1604 1141 1646 Italy

86 1649 169 1680 until
186 1649 238 1679 the
255 1649 436 1689 eighteenth
452 1649 523 1688 day.

128 1698 158 1728 2.
180 1700 290 1739 viginti
316 1699 414 1728 millia
433 1699 577 1738 peditum,
604 1709 656 1729 sex
678 1701 832 1739 equitum.-
857 1699 972 1737 12,000
994 1699 1137 1738 African,
