1272 1921
65 69 98 94 A·
112 69 139 92 c.
155 67 226 98 219.]
404 31 493 61 LIB.
518 30 613 61 XXI.
640 31 688 67 10,
708 30 760 60 11.
1072 28 1107 57 ll

63 102 220 136 nuntient
236 102 275 135 ut
298 100 484 135 exercitum
509 100 550 135 ab
577 100 728 146 Sagunto
754 99 907 142 abducat,
931 99 1109 145 ipsumque

63 151 287 187 Hannibalem
309 163 350 186 ex
373 150 496 186 foedere
518 151 679 186 Romanis
697 150 843 186 dedant:
868 151 1002 186 tertiam
1021 150 1109 196 lega-

62 203 185 238 tionem
207 202 249 237 ad
271 215 324 237 res
347 202 540 248 Saguntinis
564 201 748 237 reddendas
771 201 945 236 decerno.'’
995 201 1109 239 Quum
1122 196 1196 238 (11)

63 254 187 289 Hanno
204 257 401 299 perorasset,
416 253 539 288 nemini
557 253 703 288 omnium
722 256 851 288 certare
868 252 1018 287 oratione
1035 265 1111 287 cum

63 317 102 340 eo
113 316 248 340 necesse
260 304 335 346 fuit,
349 304 430 339 adeo
441 316 543 350 prope
554 304 660 339 omnis
672 308 807 338 senatus
820 303 1019 338 Hannibalis
1030 309 1112 347 erat,

63 355 284 401 infestiusque
301 355 478 401 loquutum
490 355 676 401 arguebant
691 356 893 389 Hannonem
908 366 1007 400 quarn
1019 354 1112 389 Flac-

63 418 139 441 cum
146 406 318 441 Valerium
330 406 478 452 legatum
490 406 689 441 Romanum.
714 406 927 451 Responsum
938 405 1015 440 inde
1026 405 1112 450 lega·
1125 407 1145 436 2

63 458 107 492 tis
121 458 281 492 Romanis
293 466 354 499 est,
367 457 490 492 bellum
502 461 613 492 ortum
626 457 666 492 ab
679 457 876 503 Saguntinis
888 468 955 490 non
965 456 1006 491 ab
1017 456 1114 491 Han-

63 508 172 544 nibale
183 521 271 543 esse:
297 509 458 554 populum
473 510 660 543 Romanum
671 508 795 554 injuste
808 508 926 550 facere,
938 507 967 542 si
983 507 1114 553 Sagun-

63 559 152 594 tinos
170 559 407 594 vetustissimae
422 559 750 605 Carthaginiensium
764 559 918 593 societati
929 564 1111 604 praeponat.

110 611 200 645 Dum
225 611 364 645 Romani
385 614 519 655 tempus
540 614 657 645 terunt
680 609 904 656 legationibus
927 609 1110 651 mittendis,
1126 615 1145 643 3

64 661 245 704 Hannibal,
263 661 340 707 quia
360 661 484 696 fessum
507 661 646 698 militem
662 661 786 707 proeliis
809 660 1033 706 operibusque
1055 660 1114 694 ha-

63 712 173 754 bebat,
198 724 378 758 paucorum
400 712 451 747 his
474 712 602 747 dierum
626 712 773 758 quietem
796 711 888 746 dedit
911 710 1113 746 stationibus

64 764 106 798 ad
129 763 316 798 custodiam
340 763 511 798 vinearum
535 763 740 809 aliorumque
764 774 901 808 operum
928 761 1111 808 dispositis.

64 815 205 849 Interim
230 814 356 849 animos
381 826 496 849 eorum
524 827 613 850 nunc
636 814 687 849 ira
711 814 747 848 in
770 814 885 848 hostes
911 813 1146 848 stimulando4

63 877 153 900 nunc
179 878 238 911 spe
262 866 475 911 praemiorum
501 866 672 901 accendit:
698 868 738 900 ut
760 877 840 900 vero
864 877 926 910 pro
953 865 1113 900 concione

64 916 208 962 praedam
230 921 336 963 captae
358 917 451 952 urbis
474 917 580 952 edixit
603 916 746 952 militum
770 917 852 957 fore,
877 915 960 950 adeo
983 916 1114 950 accensi

64 981 178 1003 omnes
196 972 275 1003 sunt
297 971 346 1012 ut,
365 969 393 1003 si
416 968 585 1014 extemplo
609 970 739 1014 signum
765 967 881 1002 datum
905 971 1004 1009 esset,
1022 967 1115 1002 nulla

64 1020 98 1054 vi
114 1019 225 1054 resisti
241 1019 411 1055 videretur
427 1032 536 1065 posse.
587 1019 764 1065 Saguntini
788 1022 826 1053 ut
844 1030 864 1053 a
879 1018 1006 1064 proeliis
1025 1019 1113 1064 quie·
1127 1025 1145 1054 5

64 1075 133 1106 tem
149 1071 336 1106 habuerant
352 1083 413 1106 nec
435 1071 635 1106 lacessentes
661 1083 722 1106 nec
743 1070 889 1105 lacessiti
909 1082 970 1115 per
986 1070 1114 1116 aliquot

64 1122 144 1164 dies,
172 1122 221 1157 ita
243 1135 311 1157 non
338 1126 436 1158 nocte
464 1135 531 1157 non
560 1122 612 1157 dic
640 1134 797 1168 umquam
827 1126 1039 1157 cessaverant
1072 1122 1114 1157 ab

64 1185 173 1219 opere,
198 1177 236 1208 ut
255 1185 380 1208 novum
400 1186 533 1208 murum
559 1173 599 1208 ab
624 1185 663 1208 ea
686 1176 794 1219 parte,
818 1185 883 1218 qua
905 1172 1113 1218 patefactum

64 1224 226 1269 oppidum
250 1225 355 1260 ruinis
378 1228 460 1267 erat,
484 1225 670 1260 reficerent.
718 1224 802 1259 Inde
827 1224 1034 1270 oppugnatio
1057 1236 1113 1259 eos
1127 1227 1146 1256 6

64 1275 233 1321 aliquanto
244 1276 388 1311 atrocior
399 1289 497 1322 quam
511 1279 588 1311 ante
599 1275 716 1310 adorta
729 1279 791 1317 est,
803 1287 875 1318 nec,
891 1287 957 1321 qua
969 1275 1114 1321 primum

64 1330 123 1361 aut
139 1327 349 1373 potissimum
371 1332 466 1373 parte
483 1328 610 1362 ferrent
633 1339 739 1372 opem,
760 1339 864 1372 quum
886 1327 997 1362 omnia
1013 1327 1112 1361 variis

64 1378 262 1413 clamoribus
280 1381 478 1424 streperent,
496 1379 577 1413 satis
601 1378 684 1413 scire
702 1381 868 1421 poterant.
918 1378 998 1423 Ipse
1018 1378 1108 1413 Han-
1128 1379 1146 1411 7

63 1429 163 1471 nibal,
181 1442 247 1475 qua
262 1430 365 1465 turris
387 1430 518 1465 mobilis
543 1430 654 1465 omnia
675 1429 883 1464 munimenta
905 1429 998 1464 urbis
1016 1441 1114 1475 supe-

63 1492 142 1515 rans
165 1480 343 1516 altitudine
363 1481 535 1527 agebatur,
554 1481 708 1516 hortator
731 1480 855 1515 aderat.
906 1481 988 1522 Quae
1011 1493 1114 1526 quum

64 1531 199 1566 admota
221 1532 399 1577 catapultis
426 1532 622 1578 balistisque
647 1544 708 1576 per
733 1531 844 1566 omnia
868 1530 1023 1566 tabulata
1048 1531 1114 1566 dis-

64 1582 183 1626 positis
200 1594 314 1617 muros
332 1582 562 1618 defensoribus
584 1583 754 1624 nudasset,
773 1585 847 1617 tum
869 1582 1043 1617 Hannibal
1059 1594 1115 1617 oc-

64 1633 229 1668 casionem
245 1637 341 1668 ratus
359 1635 560 1680 quingentos
577 1634 681 1669 ferme
698 1634 800 1668 Afros
818 1646 890 1668 cum
911 1633 1055 1669 dolabris
1073 1633 1115 1668 ad

64 1684 292 1719 subruendum
315 1684 356 1720 ab
378 1685 445 1721 imo
467 1698 600 1720 murum
622 1685 739 1720 mittit.
788 1685 864 1720 Nec
886 1689 957 1720 erat
980 1684 1113 1719 difficile
1127 1686 1146 1715 8

64 1747 159 1781 opuS‚
177 1736 266 1782 quod
283 1740 445 1772 caementa
455 1749 524 1772 non
541 1736 629 1772 calce
646 1736 766 1772 durata
782 1740 877 1771 erant
890 1736 949 1772 sed
965 1736 1115 1771 interlita
