1298 1921
420 48 510 80 LIB.
534 48 662 79 XXIV.
688 51 824 80 47—49.
1092 48 1153 80 257

93 92 126 116 A.
141 91 170 116 c.
186 90 259 122 213.]

93 124 271 169 spondent,
297 122 361 158 fide
387 126 525 168 accepta
549 126 588 158 ut
611 122 801 158 remitteret
824 122 993 168 extemplo
1019 134 1106 165 eum,
1125 122 1154 158 si

93 176 311 221 imperatores
342 174 394 209 sui
423 187 490 209 non
520 174 796 219 comprobassent
826 174 964 209 factum.
1015 173 1058 212 Q.
1079 174 1183 208 Sta-8

95 227 182 261 torio
199 238 322 261 nomen
339 226 405 261 fuit
423 226 480 271 qui
498 225 539 261 ad
556 238 669 272 regem
693 227 865 261 remansit.
916 226 1002 260 Cum
1022 225 1153 260 duobus
1166 234 1184 263 9

94 277 256 312 Romanis
273 290 335 312 rex
352 280 422 312 tres
441 277 607 312 Numidas
631 277 761 323 legatos
786 277 821 311 111
842 276 1043 322 Hispaniam
1062 276 1154 311 misit

93 329 133 364 ad
151 328 380 374 accipiendam
393 329 491 364 fidem
510 329 550 364 ab
565 328 825 374 imperatoribus
839 329 1022 363 Romanis:
1046 328 1155 363 isdem

95 380 263 415 mandavit
281 383 319 415 ut
338 380 492 426 protinus
511 380 689 422 Numidas,
709 380 766 426 qui
786 380 876 414 intra
901 379 1057 425 praesidia
1074 379 1154 415 Car-

95 432 359 477 thaginiensium
385 432 564 467 auxiliares
590 435 711 475 essent,
737 431 779 466 ad
812 432 1049 466 transitionem
1082 443 1154 477 per-

92 482 242 518 licerent.
292 483 338 518 Et
357 483 525 518 Statorius
543 496 584 518 ex
607 483 714 517 multa
727 483 909 529 juventute
932 483 1006 528 regi
1023 482 1154 528 pedites
1169 489 1208 519 10

93 534 302 580 conscripsit,
342 534 582 580 ordinatosque
616 535 768 578 proxime
801 547 926 569 morem
961 534 1153 569 Romanum

93 585 289 621 instruendo
307 588 341 621 et
359 586 565 621 decurrendo
584 586 680 631 signa
698 586 791 631 sequi
809 593 843 620 et
867 597 1000 620 servare
1017 585 1153 621 ordines

93 637 219 678 docuit,
245 639 279 672 et
308 637 400 683 operi
429 637 570 683 ahisque
600 637 701 682 justis
730 636 931 671 militaribus
959 637 1007 672 ita
1036 636 1155 672 adsue-

94 688 185 731 fecit,
207 691 246 723 ut
271 688 364 723 brevi
388 701 447 723 rex
471 701 539 723 non
564 688 670 733 equiti
695 688 802 732 magis
828 687 945 723 fideret
972 700 1071 734 quam
1095 701 1154 733 pe—

93 739 165 783 diti,
183 740 378 786 collatisque
396 752 492 786 aequo
509 752 627 785 campo
646 740 750 786 signis
765 740 859 785 justo
877 740 995 785 proelio
1010 740 1153 775 Cartha-

93 791 278 837 giniensem
296 792 429 826 hostem
446 795 632 837 superaret.
684 791 843 825 Romanis
868 803 1002 837 quoque
1019 791 1054 826 in
1071 792 1153 827 His-
1167 797 1202 827 11

94 842 195 888 pania
226 842 414 888 legatorum
447 843 537 889 regis
571 842 736 877 adventus
769 854 893 888 magno
927 842 1154 878 emolumento

94 894 180 930 fuit:
208 907 351 941 namque
369 895 411 930 ad
437 896 560 930 famam
583 907 699 930 eorum
723 895 941 930 transitiones
967 895 1093 931 crebrae
1111 895 1153 931 ab

93 946 251 981 Numidis
269 951 386 992 coeptae
399 947 481 982 fieri.
524 947 580 982 Ita
597 959 673 982 eum
692 945 845 993 Syphace
863 947 1025 982 Romanis
1043 950 1153 993 coepta
1166 956 1204 986 12

94 998 242 1032 amicitia
259 1001 321 1033 est.

140 1049 241 1086 Quod
266 1049 323 1084 ubi
351 1049 648 1096 Carthaginienses
674 1051 886 1095 acceperunt,
913 1049 1082 1096 extemplo
1111 1050 1152 1085 ad
1166 1057 1203 1086 13

93 1100 208 1135 Galam
234 1101 269 1135 in
292 1103 388 1145 parte
413 1101 519 1136 altera
541 1101 895 1136 Numidiae—Maesuli
924 1113 963 1136 ea
987 1113 1071 1147 gens
1094 1113 1149 1137 vo-

92 1154 432 1197 catur—regnantem
458 1153 588 1199 legatos
613 1153 766 1187 mittunt.
816 1152 937 1187 Filium
966 1152 1049 1187 Gala
1075 1153 1147 1188 Ma·
1160 1147 1251 1190 (49)

91 1203 245 1238 sinissam
268 1203 412 1239 habebat
436 1204 681 1250 septemdecem
708 1216 812 1238 annos
838 1208 966 1246 natum,
991 1207 1148 1239 caeterum

86 1255 247 1298 juvenem
265 1267 304 1290 ea
321 1255 442 1299 indole,
455 1258 495 1290 ut
508 1256 577 1302 jam
595 1258 668 1290 tum
687 1259 866 1301 appareret
884 1256 991 1302 majus
1008 1268 1149 1302 regnum

91 1305 351 1352 opulentiusque
365 1319 464 1353 quam
483 1307 571 1353 quod
586 1307 769 1353 accepisset
786 1307 966 1342 facturum.
1016 1307 1149 1353 Legati,
1162 1313 1181 1343 2

91 1357 248 1402 quoniam
283 1358 421 1404 Syphax
454 1369 489 1394 se
523 1359 685 1394 Romanis
706 1359 881 1403 junxisset
914 1361 953 1393 ut
980 1359 1152 1404 potentior

99 1409 253 1445 ³ocietate
270 1421 386 1445 eorum
404 1409 564 1445 adversus
579 1423 676 1457 reges
690 1410 899 1456 populosque
912 1410 1036 1445 Africae
1050 1415 1151 1452 esset,

91 1459 212 1495 docent
226 1461 343 1496 melius
361 1461 433 1497 fore
451 1462 544 1497 Gaiae
558 1474 692 1508 quoque
711 1461 1043 1508 Carthaginiensibus
1054 1462 1152 1508 jungi

90 1523 191 1556 quam
217 1512 382 1558 primum:
419 1516 601 1559 antequam
631 1513 770 1559 Syphax
803 1513 836 1548 111
865 1513 1065 1559 Hispaniam
1093 1517 1152 1548 aut

92 1562 237 1598 Romani
253 1564 289 1598 in
305 1564 456 1599 Africam
479 1568 664 1605 transeant,
683 1565 826 1611 opprimi
847 1565 1032 1611 Syphacem
1054 1564 1152 1600 1111111-

90 1614 170 1650 dum
188 1618 311 1662 praeter
327 1628 449 1651 nomen
466 1629 509 1652 ex
527 1617 653 1653 foedere
672 1618 824 1652 Romano
842 1617 1023 1653 habentem
1041 1629 1149 1662 posse.

91 1667 202 1702 Facile
219 1680 416 1713 persuasum
441 1669 647 1704 Galae-filio
666 1669 868 1715 deposcente
885 1669 920 1704 id
940 1668 1180 1707 bellum-ew

90 1719 242 1754 mitteret
275 1719 473 1762 exercitum,
502 1721 560 1767 qui
593 1721 929 1766 Carthaginiensibus
961 1719 1150 1766 legionibus

90 1774 291 1816 conjunctus
316 1784 439 1819 magno
457 1774 573 1818 proelio
600 1774 786 1820 Syphacem
812 1774 946 1809 devicit.
995 1773 1179 1819 Triginta4

140 1841 193 1859 mv.
209 1841 279 1860 111511.
295 1843 332 1861 11.
615 1837 631 1860 S
