<?xml version="1.0" encoding="UTF-8"?>
<!DOCTYPE html PUBLIC "-//W3C//DTD XHTML 1.0 Transitional//EN"
    "http://www.w3.org/TR/xhtml1/DTD/xhtml1-transitional.dtd">
<html xmlns="http://www.w3.org/1999/xhtml" xml:lang="en" lang="en">
 <head>
  <title>
</title>
<meta http-equiv="Content-Type" content="text/html;charset=utf-8" />
  <meta name='ocr-system' content='tesseract 3.04.00' />
  <meta name='ocr-capabilities' content='ocr_page ocr_carea ocr_par ocr_line ocrx_word'/>
</head>
<body>
  <div class='ocr_page' id='page_1' title='image "./booksxxixxivwith00livyuoft_0069.png"; bbox 0 0 1298 1921; ppageno 0'>
   <div class='ocr_carea' id='block_1_1' title="bbox 0 897 5 1489">
    <p class='ocr_par' dir='ltr' id='par_1_1' title="bbox 0 897 5 1489">
     <span class='ocr_line' id='line_1_1' title="bbox 0 897 5 1489; baseline 0 0"><span class='ocrx_word' id='word_1_1' title='bbox 0 897 5 1489; x_wconf 95' lang='lat' dir='ltr'> </span> 
     </span>
    </p>
   </div>
   <div class='ocr_carea' id='block_1_2' title="bbox 19 36 1070 122">
    <p class='ocr_par' dir='ltr' id='par_1_2' title="bbox 19 36 1070 122">
     <span class='ocr_line' id='line_1_2' title="bbox 369 36 1070 72; baseline -0.003 0"><span class='ocrx_word' id='word_1_2' title='bbox 369 41 459 72; x_wconf 90' lang='lat' dir='ltr'>LIB.</span> <span class='ocrx_word' id='word_1_3' title='bbox 483 41 579 72; x_wconf 91' lang='lat' dir='ltr'><strong>XXI.</strong></span> <span class='ocrx_word' id='word_1_4' title='bbox 604 40 740 72; x_wconf 75' lang='lat'>45—47.</span> <span class='ocrx_word' id='word_1_5' title='bbox 1028 36 1070 70; x_wconf 82' lang='lat'>47</span> 
     </span>
     <span class='ocr_line' id='line_1_3' title="bbox 19 82 184 122; baseline -0.012 -12"><span class='ocrx_word' id='word_1_6' title='bbox 19 84 53 110; x_wconf 73' lang='grc' dir='ltr'>Α.</span> <span class='ocrx_word' id='word_1_7' title='bbox 67 84 95 109; x_wconf 85' lang='lat' dir='ltr'>c.</span> <span class='ocrx_word' id='word_1_8' title='bbox 111 82 184 122; x_wconf 61' lang='lat'>218]</span> 
     </span>
    </p>
   </div>
   <div class='ocr_carea' id='block_1_3' title="bbox 19 111 1168 1803">
    <p class='ocr_par' dir='ltr' id='par_1_3' title="bbox 19 111 1105 817">
     <span class='ocr_line' id='line_1_4' title="bbox 22 111 1069 162; baseline -0.005 -11"><span class='ocrx_word' id='word_1_9' title='bbox 22 120 126 158; x_wconf 86' lang='lat' dir='ltr'>erant,</span> <span class='ocrx_word' id='word_1_10' title='bbox 155 115 369 151; x_wconf 70' lang='lat' dir='ltr'>circumvecti</span> <span class='ocrx_word' id='word_1_11' title='bbox 401 114 534 162; x_wconf 85' lang='lat' dir='ltr'>paulum</span> <span class='ocrx_word' id='word_1_12' title='bbox 569 114 609 150; x_wconf 87' lang='lat' dir='ltr'>ab</span> <span class='ocrx_word' id='word_1_13' title='bbox 641 117 738 160; x_wconf 86' lang='lat' dir='ltr'>tergo</span> <span class='ocrx_word' id='word_1_14' title='bbox 767 125 803 148; x_wconf 88' lang='lat' dir='ltr'>se</span> <span class='ocrx_word' id='word_1_15' title='bbox 837 111 1069 148; x_wconf 85' lang='lat' dir='ltr'>ostenderunt.</span> 
     </span>
     <span class='ocr_line' id='line_1_5' title="bbox 20 163 1103 213; baseline -0.002 -10"><span class='ocrx_word' id='word_1_16' title='bbox 20 167 56 203; x_wconf 90' lang='lat' dir='ltr'>Is</span> <span class='ocrx_word' id='word_1_17' title='bbox 80 179 182 213; x_wconf 88' lang='lat' dir='ltr'>pavor</span> <span class='ocrx_word' id='word_1_18' title='bbox 205 167 346 213; x_wconf 88' lang='lat' dir='ltr'>perculit</span> <span class='ocrx_word' id='word_1_19' title='bbox 370 167 551 210; x_wconf 83' lang='lat' dir='ltr'>Romanos,</span> <span class='ocrx_word' id='word_1_20' title='bbox 569 166 729 211; x_wconf 73' lang='lat' dir='ltr'>auxitque</span> <span class='ocrx_word' id='word_1_21' title='bbox 750 176 907 210; x_wconf 85' lang='lat' dir='ltr'>pavorem</span> <span class='ocrx_word' id='word_1_22' title='bbox 925 163 1070 199; x_wconf 88' lang='lat' dir='ltr'>consulis</span> <span class='ocrx_word' id='word_1_23' title='bbox 1084 170 1103 201; x_wconf 84' lang='lat'><strong>6</strong></span> 
     </span>
     <span class='ocr_line' id='line_1_6' title="bbox 19 214 1068 264; baseline -0.004 -11"><span class='ocrx_word' id='word_1_24' title='bbox 19 218 138 254; x_wconf 88' lang='lat' dir='ltr'>vulnus</span> <span class='ocrx_word' id='word_1_25' title='bbox 172 218 420 264; x_wconf 85' lang='lat' dir='ltr'>periculumque</span> <span class='ocrx_word' id='word_1_26' title='bbox 453 218 643 253; x_wconf 77' lang='lat' dir='ltr'>intercursu</span> <span class='ocrx_word' id='word_1_27' title='bbox 679 220 752 251; x_wconf 87' lang='lat' dir='ltr'>tum</span> <span class='ocrx_word' id='word_1_28' title='bbox 785 216 929 261; x_wconf 88' lang='lat' dir='ltr'>primum</span> <span class='ocrx_word' id='word_1_29' title='bbox 966 214 1068 261; x_wconf 90' lang='lat' dir='ltr'>pube-</span> 
     </span>
     <span class='ocr_line' id='line_1_7' title="bbox 19 267 1102 315; baseline -0.005 -11"><span class='ocrx_word' id='word_1_30' title='bbox 19 270 142 305; x_wconf 88' lang='lat' dir='ltr'>scentis</span> <span class='ocrx_word' id='word_1_31' title='bbox 159 269 218 304; x_wconf 87' lang='lat' dir='ltr'>filii</span> <span class='ocrx_word' id='word_1_32' title='bbox 234 269 476 315; x_wconf 78' lang='lat' dir='ltr'>propulsatum.</span> <span class='ocrx_word' id='word_1_33' title='bbox 524 269 593 304; x_wconf 90' lang='lat' dir='ltr'>Hic</span> <span class='ocrx_word' id='word_1_34' title='bbox 611 268 675 303; x_wconf 90' lang='lat' dir='ltr'>erit</span> <span class='ocrx_word' id='word_1_35' title='bbox 693 267 829 313; x_wconf 79' lang='lat' dir='ltr'>juvenis</span> <span class='ocrx_word' id='word_1_36' title='bbox 853 278 954 311; x_wconf 89' lang='lat' dir='ltr'>penes</span> <span class='ocrx_word' id='word_1_37' title='bbox 973 278 1070 312; x_wconf 87' lang='lat' dir='ltr'>quem</span> <span class='ocrx_word' id='word_1_38' title='bbox 1085 274 1102 305; x_wconf 88' lang='grc'><strong>7</strong></span> 
     </span>
     <span class='ocr_line' id='line_1_8' title="bbox 19 317 1071 368; baseline -0.005 -12"><span class='ocrx_word' id='word_1_39' title='bbox 19 320 160 368; x_wconf 86' lang='lat' dir='ltr'>perfecti</span> <span class='ocrx_word' id='word_1_40' title='bbox 183 321 322 366; x_wconf 88' lang='lat' dir='ltr'>hujusce</span> <span class='ocrx_word' id='word_1_41' title='bbox 347 320 424 356; x_wconf 88' lang='lat' dir='ltr'>belli</span> <span class='ocrx_word' id='word_1_42' title='bbox 448 320 520 355; x_wconf 88' lang='lat' dir='ltr'>laus</span> <span class='ocrx_word' id='word_1_43' title='bbox 545 322 607 363; x_wconf 79' lang='lat' dir='ltr'>est,</span> <span class='ocrx_word' id='word_1_44' title='bbox 629 319 808 354; x_wconf 88' lang='lat' dir='ltr'>Africanus</span> <span class='ocrx_word' id='word_1_45' title='bbox 834 317 876 352; x_wconf 91' lang='lat' dir='ltr'>ob</span> <span class='ocrx_word' id='word_1_46' title='bbox 901 317 1071 364; x_wconf 77' lang='lat' dir='ltr'>egregiam</span> 
     </span>
     <span class='ocr_line' id='line_1_9' title="bbox 20 368 1103 417; baseline -0.004 -10"><span class='ocrx_word' id='word_1_47' title='bbox 20 372 190 408; x_wconf 82' lang='lat' dir='ltr'>victoriam</span> <span class='ocrx_word' id='word_1_48' title='bbox 221 372 261 407; x_wconf 92' lang='lat' dir='ltr'>de</span> <span class='ocrx_word' id='word_1_49' title='bbox 293 372 483 407; x_wconf 81' lang='lat' dir='ltr'>Hannibale</span> <span class='ocrx_word' id='word_1_50' title='bbox 516 371 695 417; x_wconf 80' lang='lat' dir='ltr'>Poenisque</span> <span class='ocrx_word' id='word_1_51' title='bbox 729 369 927 415; x_wconf 82' lang='lat' dir='ltr'>appellatus.</span> <span class='ocrx_word' id='word_1_52' title='bbox 977 368 1103 414; x_wconf 78' lang='lat' dir='ltr'>Fugas</span> 
     </span>
     <span class='ocr_line' id='line_1_10' title="bbox 21 420 1071 469; baseline -0.004 -11"><span class='ocrx_word' id='word_1_53' title='bbox 21 426 133 459; x_wconf 85' lang='lat' dir='ltr'>tamen</span> <span class='ocrx_word' id='word_1_54' title='bbox 160 424 266 459; x_wconf 88' lang='lat' dir='ltr'>effusa</span> <span class='ocrx_word' id='word_1_55' title='bbox 291 423 516 469; x_wconf 82' lang='lat' dir='ltr'>jaculatorum</span> <span class='ocrx_word' id='word_1_56' title='bbox 549 422 690 457; x_wconf 84' lang='lat' dir='ltr'>maxime</span> <span class='ocrx_word' id='word_1_57' title='bbox 724 422 799 463; x_wconf 81' lang='lat' dir='ltr'>suit,</span> <span class='ocrx_word' id='word_1_58' title='bbox 834 433 917 466; x_wconf 89' lang='lat' dir='ltr'>quos</span> <span class='ocrx_word' id='word_1_59' title='bbox 946 420 1071 466; x_wconf 84' lang='lat' dir='ltr'>primos</span> 
     </span>
     <span class='ocr_line' id='line_1_11' title="bbox 21 473 1072 518; baseline -0.005 -8"><span class='ocrx_word' id='word_1_60' title='bbox 21 475 178 511; x_wconf 84' lang='lat' dir='ltr'>Numidae</span> <span class='ocrx_word' id='word_1_61' title='bbox 210 475 427 510; x_wconf 87' lang='lat' dir='ltr'>invaserunt:</span> <span class='ocrx_word' id='word_1_62' title='bbox 469 475 552 509; x_wconf 89' lang='lat' dir='ltr'>alius</span> <span class='ocrx_word' id='word_1_63' title='bbox 586 473 757 509; x_wconf 84' lang='lat' dir='ltr'>confertus</span> <span class='ocrx_word' id='word_1_64' title='bbox 790 473 961 518; x_wconf 78' lang='lat' dir='ltr'>equitatus</span> <span class='ocrx_word' id='word_1_65' title='bbox 994 483 1072 506; x_wconf 91' lang='lat' dir='ltr'>con-</span> 
     </span>
     <span class='ocr_line' id='line_1_12' title="bbox 21 522 1070 572; baseline -0.005 -11"><span class='ocrx_word' id='word_1_66' title='bbox 21 525 126 561; x_wconf 79' lang='lat' dir='ltr'>sulem</span> <span class='ocrx_word' id='word_1_67' title='bbox 142 526 177 560; x_wconf 86' lang='lat' dir='ltr'>in</span> <span class='ocrx_word' id='word_1_68' title='bbox 199 526 341 561; x_wconf 89' lang='lat' dir='ltr'>medium</span> <span class='ocrx_word' id='word_1_69' title='bbox 361 529 533 572; x_wconf 86' lang='lat' dir='ltr'>acceptum</span> <span class='ocrx_word' id='word_1_70' title='bbox 558 537 624 559; x_wconf 91' lang='lat' dir='ltr'>non</span> <span class='ocrx_word' id='word_1_71' title='bbox 649 524 748 559; x_wconf 86' lang='lat' dir='ltr'>armis</span> <span class='ocrx_word' id='word_1_72' title='bbox 771 522 869 558; x_wconf 89' lang='lat' dir='ltr'>modo</span> <span class='ocrx_word' id='word_1_73' title='bbox 892 522 950 557; x_wconf 90' lang='lat' dir='ltr'>sed</span> <span class='ocrx_word' id='word_1_74' title='bbox 971 523 1070 557; x_wconf 91' lang='lat' dir='ltr'>etiam</span> 
     </span>
     <span class='ocr_line' id='line_1_13' title="bbox 22 573 1072 622; baseline -0.005 -10"><span class='ocrx_word' id='word_1_75' title='bbox 22 577 215 622; x_wconf 85' lang='lat' dir='ltr'>corporibus</span> <span class='ocrx_word' id='word_1_76' title='bbox 241 578 309 612; x_wconf 88' lang='lat' dir='ltr'>suis</span> <span class='ocrx_word' id='word_1_77' title='bbox 341 580 520 622; x_wconf 83' lang='lat' dir='ltr'>protegens</span> <span class='ocrx_word' id='word_1_78' title='bbox 545 577 580 610; x_wconf 88' lang='lat' dir='ltr'>in</span> <span class='ocrx_word' id='word_1_79' title='bbox 612 578 722 611; x_wconf 90' lang='lat' dir='ltr'>castra</span> <span class='ocrx_word' id='word_1_80' title='bbox 754 586 918 620; x_wconf 87' lang='lat' dir='ltr'>nusquam</span> <span class='ocrx_word' id='word_1_81' title='bbox 944 573 1072 619; x_wconf 81' lang='lat' dir='ltr'>trepide</span> 
     </span>
     <span class='ocr_line' id='line_1_14' title="bbox 22 624 1105 674; baseline -0.004 -11"><span class='ocrx_word' id='word_1_82' title='bbox 22 640 129 674; x_wconf 90' lang='lat' dir='ltr'>neque</span> <span class='ocrx_word' id='word_1_83' title='bbox 154 629 258 663; x_wconf 88' lang='lat' dir='ltr'>effuse</span> <span class='ocrx_word' id='word_1_84' title='bbox 282 627 428 663; x_wconf 88' lang='lat' dir='ltr'>cedendo</span> <span class='ocrx_word' id='word_1_85' title='bbox 451 627 596 662; x_wconf 84' lang='lat' dir='ltr'>reduxit.</span> <span class='ocrx_word' id='word_1_86' title='bbox 647 627 777 661; x_wconf 87' lang='lat' dir='ltr'>Servati</span> <span class='ocrx_word' id='word_1_87' title='bbox 802 625 946 661; x_wconf 86' lang='lat' dir='ltr'>consulis</span> <span class='ocrx_word' id='word_1_88' title='bbox 971 624 1105 664; x_wconf 87' lang='lat' dir='ltr'>decus9</span> 
     </span>
     <span class='ocr_line' id='line_1_15' title="bbox 24 676 1073 723; baseline -0.004 -9"><span class='ocrx_word' id='word_1_89' title='bbox 24 679 148 714; x_wconf 85' lang='lat' dir='ltr'>Coelius</span> <span class='ocrx_word' id='word_1_90' title='bbox 171 679 213 714; x_wconf 87' lang='lat' dir='ltr'>ad</span> <span class='ocrx_word' id='word_1_91' title='bbox 243 691 378 714; x_wconf 88' lang='lat' dir='ltr'>servum</span> <span class='ocrx_word' id='word_1_92' title='bbox 409 679 544 713; x_wconf 87' lang='lat' dir='ltr'>natione</span> <span class='ocrx_word' id='word_1_93' title='bbox 572 678 733 723; x_wconf 83' lang='lat' dir='ltr'>Ligurem</span> <span class='ocrx_word' id='word_1_94' title='bbox 767 677 921 723; x_wconf 87' lang='lat' dir='ltr'>delegat:</span> <span class='ocrx_word' id='word_1_95' title='bbox 962 676 1073 711; x_wconf 81' lang='lat' dir='ltr'>malim</span> 
     </span>
     <span class='ocr_line' id='line_1_16' title="bbox 23 727 1074 776; baseline -0.003 -11"><span class='ocrx_word' id='word_1_96' title='bbox 23 730 174 776; x_wconf 89' lang='lat' dir='ltr'>equidem</span> <span class='ocrx_word' id='word_1_97' title='bbox 201 730 241 765; x_wconf 90' lang='lat' dir='ltr'>de</span> <span class='ocrx_word' id='word_1_98' title='bbox 265 731 332 765; x_wconf 85' lang='lat' dir='ltr'>filio</span> <span class='ocrx_word' id='word_1_99' title='bbox 354 742 470 765; x_wconf 85' lang='lat' dir='ltr'>verum</span> <span class='ocrx_word' id='word_1_100' title='bbox 495 742 578 773; x_wconf 87' lang='lat' dir='ltr'>esse,</span> <span class='ocrx_word' id='word_1_101' title='bbox 603 728 692 774; x_wconf 90' lang='lat' dir='ltr'>quod</span> <span class='ocrx_word' id='word_1_102' title='bbox 717 731 752 764; x_wconf 90' lang='lat' dir='ltr'>et</span> <span class='ocrx_word' id='word_1_103' title='bbox 771 728 884 774; x_wconf 86' lang='lat' dir='ltr'>plures</span> <span class='ocrx_word' id='word_1_104' title='bbox 907 727 1074 763; x_wconf 81' lang='lat' dir='ltr'>tradidere</span> 
     </span>
     <span class='ocr_line' id='line_1_17' title="bbox 23 781 504 817; baseline -0.002 0"><span class='ocrx_word' id='word_1_105' title='bbox 23 785 176 817; x_wconf 87' lang='lat' dir='ltr'>auctores</span> <span class='ocrx_word' id='word_1_106' title='bbox 193 786 228 817; x_wconf 88' lang='lat' dir='ltr'>et</span> <span class='ocrx_word' id='word_1_107' title='bbox 244 782 332 816; x_wconf 82' lang='lat' dir='ltr'>fama</span> <span class='ocrx_word' id='word_1_108' title='bbox 348 781 504 817; x_wconf 87' lang='lat' dir='ltr'>obtinuit.</span> 
     </span>
    </p>

    <p class='ocr_par' dir='ltr' id='par_1_4' title="bbox 23 828 1168 1803">
     <span class='ocr_line' id='line_1_18' title="bbox 69 828 1168 879; baseline -0.003 -11"><span class='ocrx_word' id='word_1_109' title='bbox 69 833 147 868; x_wconf 88' lang='lat' dir='ltr'>Hoc</span> <span class='ocrx_word' id='word_1_110' title='bbox 163 833 303 879; x_wconf 86' lang='lat' dir='ltr'>primum</span> <span class='ocrx_word' id='word_1_111' title='bbox 323 845 398 868; x_wconf 90' lang='lat' dir='ltr'>cum</span> <span class='ocrx_word' id='word_1_112' title='bbox 415 832 605 867; x_wconf 80' lang='lat' dir='ltr'>Hannibale</span> <span class='ocrx_word' id='word_1_113' title='bbox 622 831 776 877; x_wconf 79' lang='lat' dir='ltr'>proelium</span> <span class='ocrx_word' id='word_1_114' title='bbox 800 831 877 875; x_wconf 87' lang='lat' dir='ltr'>fuit,</span> <span class='ocrx_word' id='word_1_115' title='bbox 895 842 960 877; x_wconf 93' lang='lat' dir='ltr'>quo</span> <span class='ocrx_word' id='word_1_116' title='bbox 977 830 1073 866; x_wconf 83' lang='lat' dir='ltr'>facile</span> <span class='ocrx_word' id='word_1_117' title='bbox 1087 828 1168 871; x_wconf 82' lang='grc'>(47)</span> 
     </span>
     <span class='ocr_line' id='line_1_19' title="bbox 23 881 1075 930; baseline -0.003 -11"><span class='ocrx_word' id='word_1_118' title='bbox 23 884 177 930; x_wconf 85' lang='lat' dir='ltr'>apparuit</span> <span class='ocrx_word' id='word_1_119' title='bbox 203 888 238 919; x_wconf 87' lang='lat' dir='ltr'>et</span> <span class='ocrx_word' id='word_1_120' title='bbox 257 884 412 930; x_wconf 83' lang='lat' dir='ltr'>equitatu</span> <span class='ocrx_word' id='word_1_121' title='bbox 432 884 602 918; x_wconf 87' lang='lat' dir='ltr'>meliorem</span> <span class='ocrx_word' id='word_1_122' title='bbox 625 883 767 918; x_wconf 87' lang='lat' dir='ltr'>Poenum</span> <span class='ocrx_word' id='word_1_123' title='bbox 796 894 878 924; x_wconf 87' lang='lat' dir='ltr'>esse,</span> <span class='ocrx_word' id='word_1_124' title='bbox 910 885 945 917; x_wconf 83' lang='lat' dir='ltr'>et</span> <span class='ocrx_word' id='word_1_125' title='bbox 971 881 1013 917; x_wconf 92' lang='lat' dir='ltr'>ob</span> <span class='ocrx_word' id='word_1_126' title='bbox 1039 881 1075 916; x_wconf 89' lang='lat' dir='ltr'>id</span> 
     </span>
     <span class='ocr_line' id='line_1_20' title="bbox 23 933 1073 981; baseline -0.002 -11"><span class='ocrx_word' id='word_1_127' title='bbox 23 947 157 981; x_wconf 87' lang='lat' dir='ltr'>campos</span> <span class='ocrx_word' id='word_1_128' title='bbox 181 938 345 981; x_wconf 84' lang='lat' dir='ltr'>patentes,</span> <span class='ocrx_word' id='word_1_129' title='bbox 371 934 484 981; x_wconf 89' lang='lat' dir='ltr'>quales</span> <span class='ocrx_word' id='word_1_130' title='bbox 510 937 590 969; x_wconf 88' lang='lat' dir='ltr'>sunt</span> <span class='ocrx_word' id='word_1_131' title='bbox 614 934 704 968; x_wconf 87' lang='lat' dir='ltr'>inter</span> <span class='ocrx_word' id='word_1_132' title='bbox 735 933 866 968; x_wconf 88' lang='lat' dir='ltr'>Padum</span> <span class='ocrx_word' id='word_1_133' title='bbox 893 933 1073 979; x_wconf 85' lang='lat' dir='ltr'>Alpesque,</span> 
     </span>
     <span class='ocr_line' id='line_1_21' title="bbox 23 985 1106 1032; baseline 0.001 -11"><span class='ocrx_word' id='word_1_134' title='bbox 23 985 110 1021; x_wconf 85' lang='lat' dir='ltr'>bello</span> <span class='ocrx_word' id='word_1_135' title='bbox 132 986 278 1032; x_wconf 88' lang='lat' dir='ltr'>gerendo</span> <span class='ocrx_word' id='word_1_136' title='bbox 299 986 460 1021; x_wconf 87' lang='lat' dir='ltr'>Romanis</span> <span class='ocrx_word' id='word_1_137' title='bbox 482 989 578 1032; x_wconf 86' lang='lat' dir='ltr'>aptos</span> <span class='ocrx_word' id='word_1_138' title='bbox 600 997 667 1020; x_wconf 89' lang='lat' dir='ltr'>non</span> <span class='ocrx_word' id='word_1_139' title='bbox 690 997 774 1020; x_wconf 87' lang='lat' dir='ltr'>esse.</span> <span class='ocrx_word' id='word_1_140' title='bbox 824 985 945 1031; x_wconf 85' lang='lat' dir='ltr'>Itaque</span> <span class='ocrx_word' id='word_1_141' title='bbox 973 997 1074 1031; x_wconf 80' lang='lat' dir='ltr'>prox—</span> <span class='ocrx_word' id='word_1_142' title='bbox 1087 992 1106 1022; x_wconf 88' lang='lat'>2</span> 
     </span>
     <span class='ocr_line' id='line_1_22' title="bbox 23 1036 1075 1084; baseline -0.002 -11"><span class='ocrx_word' id='word_1_143' title='bbox 23 1037 90 1073; x_wconf 83' lang='lat' dir='ltr'>ima</span> <span class='ocrx_word' id='word_1_144' title='bbox 106 1041 203 1073; x_wconf 89' lang='lat' dir='ltr'>nocte</span> <span class='ocrx_word' id='word_1_145' title='bbox 216 1038 320 1084; x_wconf 89' lang='lat' dir='ltr'>jussis</span> <span class='ocrx_word' id='word_1_146' title='bbox 345 1037 506 1072; x_wconf 84' lang='lat' dir='ltr'>militibus</span> <span class='ocrx_word' id='word_1_147' title='bbox 528 1049 606 1072; x_wconf 85' lang='lat' dir='ltr'>vasa</span> <span class='ocrx_word' id='word_1_148' title='bbox 630 1036 762 1071; x_wconf 88' lang='lat' dir='ltr'>silentio</span> <span class='ocrx_word' id='word_1_149' title='bbox 786 1036 942 1082; x_wconf 85' lang='lat' dir='ltr'>colligere</span> <span class='ocrx_word' id='word_1_150' title='bbox 964 1038 1075 1071; x_wconf 83' lang='lat' dir='ltr'>castra</span> 
     </span>
     <span class='ocr_line' id='line_1_23' title="bbox 25 1087 1074 1134; baseline -0.002 -10"><span class='ocrx_word' id='word_1_151' title='bbox 25 1088 66 1124; x_wconf 85' lang='lat' dir='ltr'>ab</span> <span class='ocrx_word' id='word_1_152' title='bbox 90 1089 206 1124; x_wconf 88' lang='lat' dir='ltr'>Ticino</span> <span class='ocrx_word' id='word_1_153' title='bbox 230 1093 321 1124; x_wconf 84' lang='lat' dir='ltr'>mota</span> <span class='ocrx_word' id='word_1_154' title='bbox 345 1088 609 1134; x_wconf 85' lang='lat' dir='ltr'>festinatumque</span> <span class='ocrx_word' id='word_1_155' title='bbox 634 1087 676 1122; x_wconf 89' lang='lat' dir='ltr'>ad</span> <span class='ocrx_word' id='word_1_156' title='bbox 701 1087 829 1122; x_wconf 87' lang='lat' dir='ltr'>Padum</span> <span class='ocrx_word' id='word_1_157' title='bbox 855 1091 916 1129; x_wconf 86' lang='lat' dir='ltr'>est,</span> <span class='ocrx_word' id='word_1_158' title='bbox 934 1090 974 1122; x_wconf 87' lang='lat' dir='ltr'>ut</span> <span class='ocrx_word' id='word_1_159' title='bbox 994 1087 1074 1122; x_wconf 84' lang='lat' dir='ltr'>rati—</span> 
     </span>
     <span class='ocr_line' id='line_1_24' title="bbox 25 1138 1075 1185; baseline -0.002 -10"><span class='ocrx_word' id='word_1_160' title='bbox 25 1139 98 1183; x_wconf 88' lang='lat' dir='ltr'>bus,</span> <span class='ocrx_word' id='word_1_161' title='bbox 127 1140 247 1185; x_wconf 91' lang='lat' dir='ltr'>quibus</span> <span class='ocrx_word' id='word_1_162' title='bbox 269 1142 429 1185; x_wconf 84' lang='lat' dir='ltr'>junxerat</span> <span class='ocrx_word' id='word_1_163' title='bbox 458 1140 593 1183; x_wconf 88' lang='lat' dir='ltr'>flumen,</span> <span class='ocrx_word' id='word_1_164' title='bbox 625 1139 773 1174; x_wconf 91' lang='lat' dir='ltr'>nondum</span> <span class='ocrx_word' id='word_1_165' title='bbox 805 1138 972 1181; x_wconf 86' lang='lat' dir='ltr'>resolutis,</span> <span class='ocrx_word' id='word_1_166' title='bbox 1004 1138 1075 1173; x_wconf 88' lang='lat' dir='ltr'>sine</span> 
     </span>
     <span class='ocr_line' id='line_1_25' title="bbox 24 1190 1073 1238; baseline -0.002 -12"><span class='ocrx_word' id='word_1_167' title='bbox 24 1191 175 1226; x_wconf 85' lang='lat' dir='ltr'>tumultu</span> <span class='ocrx_word' id='word_1_168' title='bbox 207 1194 308 1238; x_wconf 86' lang='lat' dir='ltr'>atque</span> <span class='ocrx_word' id='word_1_169' title='bbox 347 1191 568 1226; x_wconf 85' lang='lat' dir='ltr'>insectatione</span> <span class='ocrx_word' id='word_1_170' title='bbox 608 1190 716 1225; x_wconf 88' lang='lat' dir='ltr'>hostis</span> <span class='ocrx_word' id='word_1_171' title='bbox 749 1190 861 1236; x_wconf 84' lang='lat' dir='ltr'>copias</span> <span class='ocrx_word' id='word_1_172' title='bbox 893 1190 1073 1236; x_wconf 86' lang='lat' dir='ltr'>trajiceret.</span> 
     </span>
     <span class='ocr_line' id='line_1_26' title="bbox 25 1240 1108 1289; baseline -0.002 -12"><span class='ocrx_word' id='word_1_173' title='bbox 25 1241 125 1277; x_wconf 88' lang='lat' dir='ltr'>Prius</span> <span class='ocrx_word' id='word_1_174' title='bbox 142 1242 351 1278; x_wconf 83' lang='lat' dir='ltr'>Placentiam</span> <span class='ocrx_word' id='word_1_175' title='bbox 369 1255 549 1288; x_wconf 87' lang='lat' dir='ltr'>pervenere</span> <span class='ocrx_word' id='word_1_176' title='bbox 566 1254 665 1289; x_wconf 89' lang='lat' dir='ltr'>quam</span> <span class='ocrx_word' id='word_1_177' title='bbox 683 1242 764 1276; x_wconf 86' lang='lat' dir='ltr'>satis</span> <span class='ocrx_word' id='word_1_178' title='bbox 787 1242 888 1276; x_wconf 85' lang='lat' dir='ltr'>sciret</span> <span class='ocrx_word' id='word_1_179' title='bbox 905 1240 1075 1276; x_wconf 85' lang='lat' dir='ltr'>Hannibal</span> <span class='ocrx_word' id='word_1_180' title='bbox 1089 1251 1108 1281; x_wconf 86' lang='lat'><strong>3</strong></span> 
     </span>
     <span class='ocr_line' id='line_1_27' title="bbox 26 1293 1076 1340; baseline 0 -13"><span class='ocrx_word' id='word_1_181' title='bbox 26 1293 68 1328; x_wconf 89' lang='lat' dir='ltr'>ab</span> <span class='ocrx_word' id='word_1_182' title='bbox 95 1293 211 1329; x_wconf 86' lang='lat' dir='ltr'>Ticino</span> <span class='ocrx_word' id='word_1_183' title='bbox 241 1294 430 1340; x_wconf 86' lang='lat' dir='ltr'>profectos:</span> <span class='ocrx_word' id='word_1_184' title='bbox 456 1297 570 1329; x_wconf 89' lang='lat' dir='ltr'>tamen</span> <span class='ocrx_word' id='word_1_185' title='bbox 595 1293 637 1328; x_wconf 88' lang='lat' dir='ltr'>ad</span> <span class='ocrx_word' id='word_1_186' title='bbox 666 1298 844 1328; x_wconf 81' lang='lat' dir='ltr'>sexcentos</span> <span class='ocrx_word' id='word_1_187' title='bbox 870 1296 1076 1327; x_wconf 84' lang='lat' dir='ltr'>moratorum</span> 
     </span>
     <span class='ocr_line' id='line_1_28' title="bbox 25 1344 1075 1391; baseline -0.002 -11"><span class='ocrx_word' id='word_1_188' title='bbox 25 1344 61 1379; x_wconf 90' lang='lat' dir='ltr'>in</span> <span class='ocrx_word' id='word_1_189' title='bbox 85 1345 238 1380; x_wconf 84' lang='lat' dir='ltr'>citeriore</span> <span class='ocrx_word' id='word_1_190' title='bbox 263 1345 336 1391; x_wconf 87' lang='lat' dir='ltr'>ripa</span> <span class='ocrx_word' id='word_1_191' title='bbox 360 1345 444 1380; x_wconf 81' lang='lat' dir='ltr'>Padi</span> <span class='ocrx_word' id='word_1_192' title='bbox 473 1345 622 1391; x_wconf 83' lang='lat' dir='ltr'>segniter</span> <span class='ocrx_word' id='word_1_193' title='bbox 650 1347 756 1379; x_wconf 87' lang='lat' dir='ltr'>ratem</span> <span class='ocrx_word' id='word_1_194' title='bbox 782 1344 949 1379; x_wconf 88' lang='lat' dir='ltr'>solventes</span> <span class='ocrx_word' id='word_1_195' title='bbox 976 1344 1075 1390; x_wconf 88' lang='lat' dir='ltr'>cepit.</span> 
     </span>
     <span class='ocr_line' id='line_1_29' title="bbox 26 1395 1110 1443; baseline -0.001 -12"><span class='ocrx_word' id='word_1_196' title='bbox 26 1395 182 1431; x_wconf 88' lang='lat' dir='ltr'>Transire</span> <span class='ocrx_word' id='word_1_197' title='bbox 198 1400 333 1443; x_wconf 89' lang='lat' dir='ltr'>pontem</span> <span class='ocrx_word' id='word_1_198' title='bbox 351 1409 418 1431; x_wconf 88' lang='lat' dir='ltr'>non</span> <span class='ocrx_word' id='word_1_199' title='bbox 435 1397 557 1443; x_wconf 84' lang='lat' dir='ltr'>potuit,</span> <span class='ocrx_word' id='word_1_200' title='bbox 576 1399 615 1431; x_wconf 93' lang='lat' dir='ltr'>ut</span> <span class='ocrx_word' id='word_1_201' title='bbox 633 1400 783 1431; x_wconf 82' lang='lat' dir='ltr'>extrema</span> <span class='ocrx_word' id='word_1_202' title='bbox 804 1396 955 1430; x_wconf 88' lang='lat' dir='ltr'>resoluta</span> <span class='ocrx_word' id='word_1_203' title='bbox 971 1400 1076 1438; x_wconf 88' lang='lat' dir='ltr'>erant,</span> <span class='ocrx_word' id='word_1_204' title='bbox 1090 1400 1110 1429; x_wconf 70' lang='lat'><em>4</em></span> 
     </span>
     <span class='ocr_line' id='line_1_30' title="bbox 26 1447 1108 1494; baseline -0.001 -12"><span class='ocrx_word' id='word_1_205' title='bbox 26 1450 101 1482; x_wconf 89' lang='lat' dir='ltr'>tota</span> <span class='ocrx_word' id='word_1_206' title='bbox 121 1451 194 1483; x_wconf 87' lang='lat' dir='ltr'>rate</span> <span class='ocrx_word' id='word_1_207' title='bbox 215 1448 251 1483; x_wconf 87' lang='lat' dir='ltr'>in</span> <span class='ocrx_word' id='word_1_208' title='bbox 273 1448 452 1483; x_wconf 87' lang='lat' dir='ltr'>secundam</span> <span class='ocrx_word' id='word_1_209' title='bbox 477 1460 596 1494; x_wconf 84' lang='lat' dir='ltr'>aquam</span> <span class='ocrx_word' id='word_1_210' title='bbox 618 1447 759 1482; x_wconf 86' lang='lat' dir='ltr'>labente.</span> <span class='ocrx_word' id='word_1_211' title='bbox 812 1447 937 1482; x_wconf 87' lang='lat' dir='ltr'>Coelius</span> <span class='ocrx_word' id='word_1_212' title='bbox 960 1450 1077 1481; x_wconf 90' lang='lat' dir='ltr'>auctor</span> <span class='ocrx_word' id='word_1_213' title='bbox 1090 1455 1108 1485; x_wconf 90' lang='lat'><strong><em>5</em></strong></span> 
     </span>
     <span class='ocr_line' id='line_1_31' title="bbox 27 1497 1073 1545; baseline 0 -12"><span class='ocrx_word' id='word_1_214' title='bbox 27 1502 80 1534; x_wconf 90' lang='lat' dir='ltr'>est</span> <span class='ocrx_word' id='word_1_215' title='bbox 102 1499 282 1545; x_wconf 87' lang='lat' dir='ltr'>Magonem</span> <span class='ocrx_word' id='word_1_216' title='bbox 308 1512 383 1535; x_wconf 87' lang='lat' dir='ltr'>cum</span> <span class='ocrx_word' id='word_1_217' title='bbox 409 1499 563 1545; x_wconf 88' lang='lat' dir='ltr'>equitatu</span> <span class='ocrx_word' id='word_1_218' title='bbox 582 1502 616 1534; x_wconf 86' lang='lat' dir='ltr'>et</span> <span class='ocrx_word' id='word_1_219' title='bbox 640 1498 800 1544; x_wconf 86' lang='lat' dir='ltr'>Hispanis</span> <span class='ocrx_word' id='word_1_220' title='bbox 822 1497 992 1544; x_wconf 88' lang='lat' dir='ltr'>peditibus</span> <span class='ocrx_word' id='word_1_221' title='bbox 1014 1498 1073 1533; x_wconf 89' lang='lat' dir='ltr'>flu-</span> 
     </span>
     <span class='ocr_line' id='line_1_32' title="bbox 26 1549 1077 1596; baseline 0 -12"><span class='ocrx_word' id='word_1_222' title='bbox 26 1562 104 1585; x_wconf 88' lang='lat' dir='ltr'>men</span> <span class='ocrx_word' id='word_1_223' title='bbox 128 1550 295 1596; x_wconf 83' lang='lat' dir='ltr'>extemplo</span> <span class='ocrx_word' id='word_1_224' title='bbox 319 1554 521 1594; x_wconf 82' lang='lat' dir='ltr'>transnasse,</span> <span class='ocrx_word' id='word_1_225' title='bbox 545 1551 655 1596; x_wconf 89' lang='lat' dir='ltr'>ipsum</span> <span class='ocrx_word' id='word_1_226' title='bbox 680 1549 904 1585; x_wconf 84' lang='lat' dir='ltr'>Hannibalem</span> <span class='ocrx_word' id='word_1_227' title='bbox 930 1561 990 1595; x_wconf 88' lang='lat' dir='ltr'>per</span> <span class='ocrx_word' id='word_1_228' title='bbox 1021 1562 1077 1584; x_wconf 88' lang='lat' dir='ltr'>su-</span> 
     </span>
     <span class='ocr_line' id='line_1_33' title="bbox 27 1600 1078 1647; baseline -0.002 -11"><span class='ocrx_word' id='word_1_229' title='bbox 27 1602 159 1647; x_wconf 85' lang='lat' dir='ltr'>periora</span> <span class='ocrx_word' id='word_1_230' title='bbox 182 1601 267 1637; x_wconf 87' lang='lat' dir='ltr'>Padi</span> <span class='ocrx_word' id='word_1_231' title='bbox 290 1601 376 1637; x_wconf 85' lang='lat' dir='ltr'>vada</span> <span class='ocrx_word' id='word_1_232' title='bbox 400 1602 586 1637; x_wconf 83' lang='lat' dir='ltr'>exercitum</span> <span class='ocrx_word' id='word_1_233' title='bbox 615 1601 804 1636; x_wconf 78' lang='lat' dir='ltr'>traduxisse</span> <span class='ocrx_word' id='word_1_234' title='bbox 830 1600 1014 1646; x_wconf 83' lang='lat' dir='ltr'>elephantis</span> <span class='ocrx_word' id='word_1_235' title='bbox 1042 1600 1078 1635; x_wconf 90' lang='lat' dir='ltr'>in</span> 
     </span>
     <span class='ocr_line' id='line_1_34' title="bbox 28 1652 1075 1698; baseline -0.001 -11"><span class='ocrx_word' id='word_1_236' title='bbox 28 1652 177 1688; x_wconf 87' lang='lat' dir='ltr'>ordinem</span> <span class='ocrx_word' id='word_1_237' title='bbox 207 1653 248 1688; x_wconf 89' lang='lat' dir='ltr'>ad</span> <span class='ocrx_word' id='word_1_238' title='bbox 276 1654 511 1688; x_wconf 85' lang='lat' dir='ltr'>sustinendum</span> <span class='ocrx_word' id='word_1_239' title='bbox 539 1653 702 1698; x_wconf 86' lang='lat' dir='ltr'>impetum</span> <span class='ocrx_word' id='word_1_240' title='bbox 728 1652 873 1687; x_wconf 83' lang='lat' dir='ltr'>fluminis</span> <span class='ocrx_word' id='word_1_241' title='bbox 902 1652 1075 1698; x_wconf 88' lang='lat' dir='ltr'>oppositis.</span> 
     </span>
     <span class='ocr_line' id='line_1_35' title="bbox 29 1703 1110 1750; baseline -0.003 -12"><span class='ocrx_word' id='word_1_242' title='bbox 29 1704 79 1738; x_wconf 91' lang='lat' dir='ltr'>Ea</span> <span class='ocrx_word' id='word_1_243' title='bbox 106 1704 224 1749; x_wconf 87' lang='lat' dir='ltr'>peritis</span> <span class='ocrx_word' id='word_1_244' title='bbox 253 1705 359 1739; x_wconf 88' lang='lat' dir='ltr'>amnis</span> <span class='ocrx_word' id='word_1_245' title='bbox 386 1705 457 1750; x_wconf 89' lang='lat' dir='ltr'>ejus</span> <span class='ocrx_word' id='word_1_246' title='bbox 482 1704 538 1739; x_wconf 81' lang='lat' dir='ltr'>vix</span> <span class='ocrx_word' id='word_1_247' title='bbox 562 1704 661 1739; x_wconf 90' lang='lat' dir='ltr'>fidem</span> <span class='ocrx_word' id='word_1_248' title='bbox 685 1703 836 1745; x_wconf 87' lang='lat' dir='ltr'>fecerint,</span> <span class='ocrx_word' id='word_1_249' title='bbox 864 1715 940 1737; x_wconf 87' lang='lat' dir='ltr'>nam</span> <span class='ocrx_word' id='word_1_250' title='bbox 970 1712 1110 1748; x_wconf 85' lang='lat' dir='ltr'>neque6</span> 
     </span>
     <span class='ocr_line' id='line_1_36' title="bbox 29 1753 1078 1803; baseline -0.001 -14"><span class='ocrx_word' id='word_1_251' title='bbox 29 1755 158 1800; x_wconf 86' lang='lat' dir='ltr'>equites</span> <span class='ocrx_word' id='word_1_252' title='bbox 181 1756 280 1791; x_wconf 89' lang='lat' dir='ltr'>armis</span> <span class='ocrx_word' id='word_1_253' title='bbox 303 1756 464 1803; x_wconf 89' lang='lat' dir='ltr'>equisque</span> <span class='ocrx_word' id='word_1_254' title='bbox 488 1755 588 1791; x_wconf 84' lang='lat' dir='ltr'>salvis</span> <span class='ocrx_word' id='word_1_255' title='bbox 612 1758 741 1790; x_wconf 87' lang='lat' dir='ltr'>tantam</span> <span class='ocrx_word' id='word_1_256' title='bbox 763 1755 830 1790; x_wconf 83' lang='lat' dir='ltr'>vim</span> <span class='ocrx_word' id='word_1_257' title='bbox 852 1753 998 1789; x_wconf 87' lang='lat' dir='ltr'>fluminis</span> <span class='ocrx_word' id='word_1_258' title='bbox 1024 1765 1078 1788; x_wconf 89' lang='lat' dir='ltr'>su-</span> 
     </span>
    </p>
   </div>
  </div>
 </body>
</html>
