1298 1921
0 0 783 18 ῤ’

376 53 466 83 LIB.
491 53 616 83 XXIV.
637 53 769 84 14—-16,
1042 52 1104 85 217

59 96 91 120 Α.
107 95 136 118 c.
151 93 222 127 214]

57 130 179 169 rarent,
206 126 271 162 nisi
295 139 335 162 eo
360 127 412 162 die
441 127 509 162 fusi
536 127 711 173 fugatique
735 126 850 162 hostes
880 128 1004 162 essent.
1054 118 1192 161 Ea(16)

56 178 188 214 demum
213 189 279 213 vox
303 178 350 213 ita
374 179 500 213 animos
525 178 686 222 accendit,
709 181 749 214 ut
773 181 934 213 renovato
959 178 1103 213 clamore

56 229 148 265 velut
165 229 220 264 alii
236 233 373 276 repente
390 230 471 265 facti
492 233 588 264 tanta
604 230 637 265 vi
659 242 695 265 se
711 230 747 264 in
764 229 895 264 hostem
912 229 1100 271 intulerint,

56 284 94 316 ut
111 281 269 316 sustineri
286 281 375 316 ultra
390 293 458 316 non
474 284 621 327 possent.
671 281 784 316 Primo
802 281 1012 327 antesignani
1030 281 1102 315 Poe-
1113 285 1132 313 2

55 344 184 374 norum,
206 331 283 367 dein
310 332 406 378 signa
430 332 635 378 perturbata,
660 336 829 378 postremo
854 335 928 366 tota
958 331 1104 377 impulsa

56 384 164 419 acies:
188 383 265 418 inde
288 384 377 418 haud
399 383 498 418 dubie
515 387 613 429 terga
636 383 723 425 data,
742 386 913 429 ruuntque
933 382 1103 429 fugientes

55 435 91 470 in
107 437 216 470 castra
232 434 313 470 adeo
330 435 441 480 pavidi
458 435 656 480 trepidique,
674 438 713 470 ut
731 447 772 470 ne
789 435 824 469 in
841 434 948 480 portis
968 434 1102 480 quidem

56 489 115 521 aut
142 486 229 521 vallo
262 487 438 532 quisquam
472 486 645 521 restiterit.
696 488 746 521 Ac
778 498 882 532 prope
915 485 1135 521 continenti3

57 537 187 582 agmine
211 537 355 572 Romani
381 537 551 583 insequuti
575 549 700 571 novum
726 537 766 572 de
790 537 922 582 integro
947 536 1102 583 proelium

57 588 176 624 inclusi
199 588 345 624 hostium
369 588 454 623 vallo
482 588 677 624 ediderunt:
712 588 758 623 ibi
786 588 874 623 sicut
906 600 1020 634 pugna
1052 588 1103 622 in-

57 639 243 685 expeditior
274 640 309 674 in
340 639 515 684 angustiis,
549 640 598 674 ita
630 639 735 674 caedes
769 639 913 675 atrocior
945 639 1034 674 fuit:
1068 642 1102 674 et

57 692 213 736 adjuvere
235 691 370 736 captivi,
394 691 452 736 qui
475 694 572 736 rapto
597 690 686 725 inter
707 690 892 725 tumultum
912 690 1001 725 ferro
1022 702 1103 725 con-

57 742 182 788 globati
205 745 238 777 et
256 742 296 777 ab
321 746 417 788 tergo
443 742 636 777 ceciderunt
658 742 779 777 Poenos
803 746 837 777 et
862 742 978 788 fugam
998 742 1103 787 impe·

57 793 199 828 dierunt.
249 794 368 839 Itaque
390 794 500 828 minus
527 793 593 828 duo
616 792 718 828 millia
738 793 909 828 hominum
937 805 979 828 ex
1006 796 1131 828 tanto4

57 845 207 880 exercitu
231 848 265 880 et
288 857 327 880 ea
351 848 457 891 maj0r
478 857 555 891 pars
578 845 729 891 equitum
753 857 828 880 eum
851 845 924 891 ipso
947 844 1031 880 duce
1056 844 1104 880 ef-

0 919 1 923 «
56 896 225 942 fugerunt,
255 896 311 931 ahi
342 909 456 932 omnes
489 896 566 931 caesi
594 899 652 931 aut
681 896 789 942 capti:
815 899 915 941 capta
942 900 976 931 et
1009 896 1105 941 signa

57 947 395 994 duodequadraginta.
444 948 499 983 Ex
515 947 698 983 victoribus
723 947 790 982 duo
815 947 918 982 millja
933 947 1036 982 ferme
1053 957 1132 985 ce-5

57 998 175 1035 cidere.
223 999 342 1035 Praeda
365 999 471 1034 omnis
496 1002 719 1045 praeterquam
738 999 911 1034 hominum
927 1002 1103 1044 captorum

57 1048 333 1086 militi'eoneessa
354 1054 425 1086 est:
451 1054 486 1085 et
503 1063 604 1096 pecus
628 1053 806 1095 exceptum
823 1054 886 1095 est,
909 1050 999 1096 quod
1014 1051 1103 1086 intra

57 1101 128 1137 dies
144 1101 283 1148 triginta
298 1101 423 1136 domini
439 1102 684 1148 cognovissent.

105 1153 214 1194 Quum
246 1152 358 1198 praeda
389 1153 502 1188 onusti
533 1153 570 1188 in
597 1156 708 1188 castra
735 1152 912 1195 redissent,
943 1155 1133 1200 quattu0r6

57 1203 157 1239 millia
180 1204 284 1239 ferme
308 1204 465 1239 volonum
490 1204 644 1248 militum,
670 1216 743 1250 quae
768 1213 1003 1250 pugnaverant
1028 1217 1103 1250 seg-

58 1255 134 1290 nius
148 1267 209 1290 nec
224 1255 261 1290 in
281 1259 392 1291 eastra
412 1256 602 1301 irruperant
625 1255 733 1298 simul,
751 1259 844 1291 metu
866 1268 970 1300 poenae
987 1256 1101 1291 collem

57 1306 144 1341 haud
160 1307 278 1352 procul
294 1307 411 1342 castris
435 1311 596 1353 ceperunt
611 1320 618 1342 :
643 1310 779 1353 postero
802 1307 855 1342 die
873 1320 934 1352 per
950 1307 1103 1343 tribunos

57 1358 200 1393 militum
231 1358 309 1394 inde
344 1358 480 1394 deducti
517 1359 676 1394 concione
707 1358 855 1393 militum
891 1358 1053 1394 advocata
1085 1371 1104 1393 a

59 1409 207 1444 Graccho
235 1410 485 1456 superveniunt.
535 1409 606 1445 Ubi
630 1422 732 1456 quum
760 1410 943 1455 proconsul
970 1413 1132 1449 veteres?

57 1460 177 1496 mihtes
201 1461 355 1507 primum,
377 1464 478 1507 prout
502 1461 667 1507 cujusque
688 1461 797 1496 virtus
819 1465 921 1507 atque
946 1473 1048 1508 opera
1067 1461 1104 1496 in

58 1524 98 1547 ea
113 1525 225 1559 pugna
240 1513 360 1555 fuerat,
378 1513 578 1548 militaribus
601 1513 696 1548 donis
714 1514 883 1555 donasset,
902 1516 995 1556 tunc,
1015 1512 1105 1560 quod

58 1566 100 1599 ad
124 1564 260 1600 volones
289 1564 463 1607 adtineret,
491 1577 606 1600 omnes
635 1565 681 1600 ait
710 1565 806 1600 malle
835 1564 990 1600 laudatos
1020 1577 1040 1599 a
1068 1577 1103 1600 se

58 1615 173 1661 dignos
190 1615 422 1662 indignosque,
440 1628 538 1662 quam
556 1628 756 1662 quemquam
773 1628 812 1651 eo
829 1616 882 1651 die
899 1616 1102 1662 castigatum

58 1678 148 1702 esse:
175 1667 265 1713 quod
280 1667 406 1703 bonum
427 1667 577 1702 faustum
599 1667 747 1713 felixque
770 1668 820 1703 rei
841 1667 983 1713 publicae
1006 1668 1103 1713 ipsis-

59 1731 120 1764 que
144 1722 244 1761 esset,
270 1731 384 1754 omnes
410 1731 466 1755 eos
494 1719 616 1755 liberos
646 1732 719 1755 esse
739 1720 870 1765 jubere.
918 1719 975 1754 Ad
1003 1729 1132 1766 quamg

59 1782 169 1806 vocem
198 1783 301 1817 quum
325 1771 449 1806 clamor
472 1771 603 1818 ingenti
626 1772 799 1807 alacritate
823 1771 976 1807 sublatus
1001 1774 1102 1813 esset,
