1298 1921
0 0 1298 20 fi

380 71 471 102 LIB.
494 69 590 101 XXI.
621 71 758 100 35—38.
1056 71 1097 103 37

54 111 228 192 ssggirihie]
241 145 283 180 ad
304 144 339 180 id
360 145 471 190 ipsum
492 144 565 180 loco
582 146 737 190 purgato,
755 144 888 179 tantum
909 143 995 179 nivis
1013 143 1098 179 fodi-

53 197 175 232 endum
200 200 300 243 atque
325 196 526 243 egerendum
552 196 627 231 fuit.
677 195 760 231 Inde
783 195 824 230 ad
848 207 964 241 rupem
989 196 1128 230 muni-2

52 248 179 290 endam,
198 260 257 294 per
280 260 378 294 quam
400 260 500 282 unam
522 247 577 282 via
592 259 665 282 esse
687 249 828 292 poterat,
848 246 969 282 milites
993 246 1096 290 ducti,

51 312 154 345 quum
183 299 376 335 caedendum
401 302 489 334 esset
518 311 645 340 saxum,
672 297 844 333 arboribus
870 298 957 333 circa
985 298 1097 332 imma-

51 350 148 386 nibus
166 350 304 396 dejectis
318 350 590 396 detruncatisque
607 352 732 384 struem
747 348 917 394 ingentem
930 349 1097 395 lignorum

50 402 188 445 faciunt,
213 414 360 448 eamque,
380 414 483 447 quum
506 404 540 436 et
564 401 613 435 vis
638 400 731 435 venti
753 404 831 446 apta
852 399 1003 435 faciendo
1026 400 1096 446 igni

50 456 164 488 coorta
186 456 285 495 esset,
304 453 522 492 succendunt,
539 451 754 497 ardentiaque
771 464 851 486 saxa
872 451 983 486 infuso
1001 455 1096 487 aceto

50 504 290 550 putrefaciunt.
340 505 397 539 Ita
418 503 579 539 torridam
596 504 747 538 incendio
770 515 885 549 rupem
904 503 992 538 ferro
1015 516 1096 549 pan·
1109 508 1127 537 3

49 555 135 590 dunt
163 556 382 602 molliuntque
415 555 618 590 anfractibus
651 554 788 589 modicis
821 554 933 597 clivos,
962 560 1001 590 ut
1030 567 1098 590 non

47 606 200 653 jumenta
231 607 338 642 solum
371 607 429 642 sed
462 606 629 652 elephanti
661 606 761 641 etiam
795 605 913 641 deduci
948 609 1096 652 possent.

50 658 285 696 Quadriduum
307 659 394 694 circa
416 670 533 703 rupem
557 660 792 702 consumptum
807 658 971 702 jumentis
994 662 1129 704 prope4

49 710 136 746 fame
158 710 362 756 absumptis:
401 710 491 746 nuda
513 710 598 745 enim
622 710 691 745 fere
709 710 881 744 cacumina
904 712 983 745 sunt
1005 714 1049 752 et,
1068 710 1096 746 si

49 761 130 807 quid
146 765 198 797 est
215 762 337 808 pabuli,
356 762 504 797 obruunt
527 762 639 796 nives:
666 761 823 796 inferiora
845 761 947 796 valles
967 762 1096 808 apricos

49 813 209 859 quosdam
238 813 337 849 colles
367 813 500 855 habent,
527 813 682 858 rivosque
707 824 812 857 prope
841 813 940 848 silvas
965 817 1000 848 et
1027 814 1097 859 jam

48 864 192 900 humano
218 865 311 900 cultu
337 864 489 910 digniora
512 864 602 899 loca:
632 864 681 898 ibi
698 865 861 909 jumenta
882 865 916 899 in
938 864 1097 910 pabulum

48 916 150 951 missa
166 919 200 951 et
221 916 315 962 quies
337 916 517 951 muniendo
540 916 637 951 fessis
660 916 849 951 hominibus
873 916 952 951 data
972 917 1095 953 triduo.

48 967 133 1002 Inde
156 967 197 1002 ad
219 967 353 1014 planum
378 967 574 1003 descensum
592 971 625 1002 et
638 969 709 1012 jain
731 967 812 1002 locis
837 968 1044 1004 mollioribus
1061 972 1095 1004 et
1109 974 1127 1003 5

47 1019 233 1054 accolarum
249 1019 400 1065 ingeniis.

94 1070 172 1105 Hoc
188 1070 330 1105 maxime
347 1069 445 1105 modo
465 1070 500 1105 in
516 1069 648 1104 Italiam
674 1072 872 1115 perventum
895 1072 957 1114 est,
975 1071 1092 1117 quinto
1107 1067 1190 1110 (38)

47 1133 161 1156 mense
189 1133 208 1155 a
237 1121 439 1166 Carthagine
466 1133 560 1162 nova,
587 1125 626 1155 ut
655 1121 791 1166 quidam
820 1127 973 1157 auctores
1002 1127 1092 1165 sunt,

48 1172 165 1218 quinto
191 1172 318 1207 decimo
344 1172 396 1207 die
422 1172 562 1218 Alpibus
592 1172 766 1218 superatis.
817 1172 963 1210 Quantae
991 1174 1126 1220 copiae2

47 1228 258 1269 transgresso
286 1224 321 1258 in
348 1223 482 1258 Italiam
510 1222 693 1258 Hannibali
720 1223 856 1266 fuerint,
885 1236 1096 1271 nequaquam

47 1275 134 1309 inter
159 1281 312 1310 auctores
335 1278 478 1310 constat.
529 1275 599 1313 Qui
623 1275 812 1321 plurimum,
835 1280 968 1312 centum
993 1278 1097 1313 millia

47 1325 198 1370 peditum
216 1326 336 1372 viginti
352 1327 504 1372 equitum
522 1326 625 1361 fuisse
639 1327 809 1362 scribunt:
836 1328 893 1373 qui
909 1328 1092 1372 minimum,

46 1377 167 1422 viginti
190 1377 293 1412 millia
320 1377 481 1423 peditum,
509 1390 568 1413 sex
591 1378 752 1424 equitum.
801 1379 842 1414 L.
862 1379 998 1415 Cincius
1023 1381 1125 1415 Ali-3

45 1432 189 1470 mentus,
216 1429 273 1474 qui
297 1433 433 1474 captum
458 1442 493 1464 se
519 1429 559 1464 ab
589 1429 778 1464 Hannibale
801 1430 927 1472 scribit,
951 1432 1093 1467 maxime

45 1484 163 1514 auctor
179 1483 338 1522 moveret,
356 1481 420 1515 nisi
437 1480 656 1515 confunderet
674 1493 847 1516 numerum
867 1481 969 1517 Gallis
987 1483 1094 1527 Ligu-

44 1531 203 1576 ribusque
232 1531 373 1566 additis:
407 1544 482 1567 cum
512 1532 563 1567 his
593 1533 765 1577 octoginta
796 1533 898 1568 millia
928 1533 1090 1579 peditum,

44 1581 158 1616 decem
184 1582 334 1627 equitum
357 1582 520 1618 adducta:
538 1604 581 1609 —
600 1584 635 1618 in
658 1584 757 1619 Italia
781 1585 886 1631 magis
909 1585 1092 1621 adfluxisse

43 1633 113 1668 veri
146 1633 252 1668 simile
283 1638 345 1675 est,
371 1639 405 1669 et
430 1635 478 1669 ita
510 1634 643 1680 quidam
676 1639 829 1671 auctores
861 1639 1023 1672 sunt—-z
1050 1650 1093 1672 ex

43 1684 116 1730 ipso
145 1688 257 1719 autem
287 1684 419 1720 audisse
452 1686 652 1730 Hannibale,
681 1690 858 1732 postquam
891 1687 1094 1723 Rhodanum

45 1735 226 1777 transierit,
255 1736 398 1782 triginta
429 1749 488 1772 sex
520 1737 622 1772 millia
653 1738 824 1773 hominum
857 1739 1095 1785 ingentemque

45 1799 223 1823 numerum
251 1799 413 1835 equorum
441 1792 475 1824 et
507 1789 647 1824 aliorum
674 1792 907 1835 jumentorum
936 1791 1096 1828 amisisse.
