1298 1921
0 0 1298 23 ῤ-

395 39 486 69 L113.
510 38 627 69 XXII.
651 39 789 68 40—42.
1050 38 1107 67 113

63 83 97 108 Λ.
110 81 135 106 c.
153 80 223 114 21⁶4

63 112 473 162 perstabant—imperium
496 114 578 155 erat,
602 112 754 148 Varrone
775 111 970 157 indignante
995 121 1034 146 ac
1054 122 1111 145 vo-

63 165 222 202 ciferante
246 164 404 199 emissum
429 164 560 199 hostem
589 176 606 199 e
631 164 783 199 manibus
813 162 1045 208 debellarique,
1076 161 1111 196 ni

63 219 229 253 cessatum
254 215 352 258 soret,
380 215 538 259 potuisse.
588 215 759 250 Hannibal
783 214 816 249 id
842 214 995 249 damnum
1022 212 1143 248 haud3

65 268 234 314 aegerrime
252 268 332 312 pati,
352 267 433 312 quin
455 267 566 311 potius
589 266 723 302 credere
743 266 835 301 velut
857 266 1038 301 inescatam
1062 269 1113 298 te-

65 319 253 354 meritatem
270 318 439 353 ferocioris
458 317 602 353 consulis
625 329 663 353 ac
680 330 841 353 novorum
864 316 1008 351 maxime
1030 315 1113 350 mili-

65 373 138 406 tum
161 382 243 405 esse.
293 369 339 404 Et
360 369 469 403 omnia
486 369 516 404 ei
533 369 681 404 hostium
703 368 792 404 haud
814 381 909 404 secus
931 380 1028 414 quam
1053 379 1111 401 sue

65 424 146 456 nota
177 422 294 456 erant:
329 420 506 455 dissimiles
535 420 769 466 discordesque
802 420 1002 463 imperitare,
1032 418 1114 453 duas

67 484 169 519 prope
185 475 298 517 partes
315 472 461 506 tironum
480 472 622 506 militum
640 472 675 506 in
691 472 841 507 exercitu
861 483 943 506 esse.
992 470 1115 514 Itaque

67 524 175 559 locum
193 526 227 558 et
249 527 382 568 tempus
406 523 534 558 insidiis
557 528 672 568 aptum
697 536 732 558 sc
757 523 879 558 habere
901 526 994 557 ratus
1018 526 1117 556 nocte

68 575 218 620 proxima
234 574 315 609 nihil
335 578 454 620 praeter
471 586 562 609 arma
578 575 724 610 ferentes
742 587 855 610 secum
872 574 993 608 milites
1012 573 1115 614 ducit,

69 630 180 662 castra.
206 626 303 672 plena
327 626 434 660 omnis
459 625 602 661 fortunae
627 626 767 672 publieae
792 626 995 671 privataeque
1019 624 1118 659 relin-

70 678 152 723 quit,
171 680 329 722 transque
347 676 513 722 proximos
534 681 663 712 montes
680 677 762 713 laeva
783 677 912 722 pedites
935 677 1118 711 instructos

70 728 193 770 condit,
213 728 331 763 dextra
347 728 488 774 equites,
507 728 744 774 impedimenta
770 742 826 774 per
849 728 1031 763 convallem
1054 740 1120 762 me-

71 780 161 814 dium
180 791 300 824 agmen
316 779 473 821 traducit,
492 782 531 814 ut
548 779 741 826 diripiendis
763 780 855 815 velut
878 779 1020 814 desertis
1040 779 1122 824 fuga

72 831 280 866 dominorum
313 831 431 866 castris
464 835 664 877 occupatum
695 831 960 877 impeditumque
988 831 1121 865 hostem

72 882 285 928 opprimeret.
336 882 453 917 Crebri
485 883 593 918 relicti
625 883 661 918 in
688 883 807 918 castris
839 883 934 929 ignes
967 885 1007 917 ut
1039 882 1154 920 fides4

72 933 176 975 fieret,
195 933 274 968 dum
297 933 367 979 ipse
387 933 518 980 longius
544 934 689 979 spatium
709 935 791 980 fuga
811 934 1017 980 praeciperet,
1040 933 1123 968 falsa

73 985 217 1030 imagine
251 989 448 1027 castrorum,
479 986 566 1020 sicut
598 986 739 1021 Fabium
773 986 883 1031 priore
916 998 1002 1020 anno
1034 985 1122 1019 frus-

73 1040 183 1070 tratus
216 1039 315 1078 esset,
346 1040 460 1072 tenere
491 1037 527 1072 in
553 1037 633 1072 locis
663 1038 814 1073 consules
847 1037 1001 1072 voluisse.
1051 1036 1120 1072 Ubi
1131 1035 1215 1079 (42)

73 1087 193 1130 illuxit,
213 1086 386 1123 subductae
403 1088 508 1133 primo
526 1089 697 1133 stationes,
712 1089 830 1124 deinde
846 1088 985 1135 propius
1003 1088 1124 1123 adeun-

74 1138 166 1173 tibus
200 1138 371 1173 insolitum
404 1139 574 1175 silentium
606 1140 862 1176 admirationem
894 1140 985 1175 fecit.
1049 1140 1126 1174 Jam

75 1190 157 1225 satis
185 1192 356 1235 comperta
384 1190 564 1226 solitudine
592 1192 627 1226 in
656 1192 784 1234 castris,
813 1204 995 1227 concursus
1022 1191 1060 1226 fit
1087 1190 1129 1225 ad

75 1242 232 1288 praetoria
259 1243 436 1277 consulum
468 1245 697 1280 nuntiantium
726 1245 840 1290 fugam
874 1244 1019 1279 bostium
1048 1243 1129 1278 adeo

76 1292 251 1338 trepidam,
279 1296 317 1328 ut
344 1293 568 1330 tabernaculis
594 1295 762 1331 stantibus
788 1298 899 1330 eastra
922 1295 1129 1340 reliquerint,

78 1357 211 1391 quoque
244 1344 325 1391 fuga
357 1345 530 1381 obscurior
563 1351 662 1390 esset,
695 1347 829 1382 crebros
862 1347 964 1382 etiam
995 1347 1131 1381 relictos

78 1397 184 1442 ignes.
234 1395 368 1431 Clamor
395 1397 472 1433 inde
499 1401 594 1433 ortus
621 1402 660 1433 ut
687 1399 783 1445 signa
808 1398 950 1444 proferri
971 1397 1163 1443 juberentz

79 1447 307 1493 ducerentque
325 1448 367 1483 ad
383 1450 631 1495 persequendos
649 1450 764 1485 hostes
787 1462 825 1485 ac
848 1450 1001 1496 protinus
1023 1452 1134 1484 castra

80 1498 275 1544 diripienda.
325 1499 370 1534 Et
388 1501 504 1536 consul
527 1501 611 1536 alter
635 1502 725 1536 velut
745 1514 831 1536 unus
849 1501 958 1536 turbae
980 1500 1133 1535 militaris
1147 1509 1166 1539 3
1200 1518 1205 1531 ι

81 1553 163 1591 erat,
193 1550 321 1585 Paulus
353 1551 454 1586 etiarn
487 1555 587 1599 atque
621 1553 721 1588 etiam
751 1552 860 1588 dicere
892 1551 1136 1598 providendum

81 1601 402 1648 praecavendumque
431 1616 523 1639 esse:
559 1608 739 1650 postremo,
771 1617 874 1650 quum
903 1604 1000 1639 aliter
1029 1616 1138 1649 neque

84 1652 282 1688 seditionem
315 1666 423 1700 neque
454 1655 572 1691 ducem
605 1656 778 1691 seditionis
812 1655 978 1690 sustinere
1011 1657 1136 1701 posset,

84 1704 232 1739 Marium
253 1705 421 1740 Statilium
441 1707 636 1752 praefectum
649 1720 724 1742 cum
741 1712 855 1742 turma
872 1708 1008 1742 Lucana
1025 1707 1139 1751 explo-

86 1760 197 1791 ratum
222 1756 339 1792 mittit.
391 1758 460 1796 Qui
489 1758 546 1794 ubi
571 1758 778 1805 adequitavit
807 1758 925 1805 portis,
956 1757 1172 1793 subsistcrc4

132 1822 189 1840 MV.
205 1822 279 1842 nisT.
296 1823 327 1841 ιι.
603 1821 617 1845 1
