<?xml version="1.0" encoding="UTF-8"?>
<!DOCTYPE html PUBLIC "-//W3C//DTD XHTML 1.0 Transitional//EN"
    "http://www.w3.org/TR/xhtml1/DTD/xhtml1-transitional.dtd">
<html xmlns="http://www.w3.org/1999/xhtml" xml:lang="en" lang="en">
 <head>
  <title>
</title>
<meta http-equiv="Content-Type" content="text/html;charset=utf-8" />
  <meta name='ocr-system' content='tesseract 3.04.00' />
  <meta name='ocr-capabilities' content='ocr_page ocr_carea ocr_par ocr_line ocrx_word'/>
</head>
<body>
  <div class='ocr_page' id='page_1' title='image "./booksxxixxivwith00livyuoft_0269.png"; bbox 0 0 1298 1921; ppageno 0'>
   <div class='ocr_carea' id='block_1_1' title="bbox 31 30 1109 154">
    <p class='ocr_par' dir='ltr' id='par_1_1' title="bbox 31 30 1109 154">
     <span class='ocr_line' id='line_1_1' title="bbox 345 30 1074 66; baseline -0.012 -4"><span class='ocrx_word' id='word_1_1' title='bbox 345 32 422 62; x_wconf 68' lang='lat' dir='ltr'>Llr,</span> <span class='ocrx_word' id='word_1_2' title='bbox 456 30 582 60; x_wconf 67' lang='lat' dir='ltr'>xxiv.</span> <span class='ocrx_word' id='word_1_3' title='bbox 607 32 657 66; x_wconf 78' lang='lat'>39,</span> <span class='ocrx_word' id='word_1_4' title='bbox 681 32 731 59; x_wconf 75' lang='lat'>40.</span> <span class='ocrx_word' id='word_1_5' title='bbox 1015 34 1074 64; x_wconf 72' lang='lat'>247</span> 
     </span>
     <span class='ocr_line' id='line_1_2' title="bbox 33 77 188 108; baseline -0.006 -6"><span class='ocrx_word' id='word_1_6' title='bbox 33 80 63 102; x_wconf 80' lang='lat' dir='ltr'>A.</span> <span class='ocrx_word' id='word_1_7' title='bbox 78 78 104 102; x_wconf 90' lang='lat' dir='ltr'>c.</span> <span class='ocrx_word' id='word_1_8' title='bbox 119 77 188 108; x_wconf 58' lang='lat'>214]</span> 
     </span>
     <span class='ocr_line' id='line_1_3' title="bbox 31 106 1109 154; baseline -0.004 -9"><span class='ocrx_word' id='word_1_9' title='bbox 31 111 79 146; x_wconf 89' lang='lat' dir='ltr'>M.</span> <span class='ocrx_word' id='word_1_10' title='bbox 99 110 263 152; x_wconf 86' lang='lat' dir='ltr'>Valerius,</span> <span class='ocrx_word' id='word_1_11' title='bbox 285 108 401 144; x_wconf 85' lang='lat' dir='ltr'>relicto</span> <span class='ocrx_word' id='word_1_12' title='bbox 423 107 563 143; x_wconf 88' lang='lat' dir='ltr'>duorum</span> <span class='ocrx_word' id='word_1_13' title='bbox 586 107 725 143; x_wconf 87' lang='lat' dir='ltr'>millium</span> <span class='ocrx_word' id='word_1_14' title='bbox 747 106 901 154; x_wconf 85' lang='lat' dir='ltr'>praesidio</span> <span class='ocrx_word' id='word_1_15' title='bbox 923 107 1109 153; x_wconf 74' lang='lat' dir='ltr'>praeposi-4</span> 
     </span>
    </p>
   </div>
   <div class='ocr_carea' id='block_1_2' title="bbox 30 159 1139 1796">
    <p class='ocr_par' dir='ltr' id='par_1_2' title="bbox 30 159 1139 1796">
     <span class='ocr_line' id='line_1_4' title="bbox 31 159 1080 208; baseline -0.004 -11"><span class='ocrx_word' id='word_1_16' title='bbox 31 170 130 208; x_wconf 84' lang='lat' dir='ltr'>toque</span> <span class='ocrx_word' id='word_1_17' title='bbox 148 162 195 196; x_wconf 91' lang='lat' dir='ltr'>eis</span> <span class='ocrx_word' id='word_1_18' title='bbox 217 161 256 196; x_wconf 91' lang='lat' dir='ltr'>P.</span> <span class='ocrx_word' id='word_1_19' title='bbox 275 161 410 196; x_wconf 87' lang='lat' dir='ltr'>Valerio</span> <span class='ocrx_word' id='word_1_20' title='bbox 431 160 552 205; x_wconf 81' lang='lat' dir='ltr'>legato,</span> <span class='ocrx_word' id='word_1_21' title='bbox 571 171 646 195; x_wconf 89' lang='lat' dir='ltr'>cum</span> <span class='ocrx_word' id='word_1_22' title='bbox 670 159 775 195; x_wconf 84' lang='lat' dir='ltr'>classe</span> <span class='ocrx_word' id='word_1_23' title='bbox 796 159 962 194; x_wconf 82' lang='lat' dir='ltr'>instructa</span> <span class='ocrx_word' id='word_1_24' title='bbox 983 170 1080 203; x_wconf 79' lang='lat' dir='ltr'>para-</span> 
     </span>
     <span class='ocr_line' id='line_1_5' title="bbox 33 211 1082 259; baseline -0.004 -11"><span class='ocrx_word' id='word_1_25' title='bbox 33 218 132 259; x_wconf 83' lang='lat' dir='ltr'>taque</span> <span class='ocrx_word' id='word_1_26' title='bbox 156 215 202 253; x_wconf 82' lang='lat' dir='ltr'>et,</span> <span class='ocrx_word' id='word_1_27' title='bbox 223 212 311 258; x_wconf 90' lang='lat' dir='ltr'>quod</span> <span class='ocrx_word' id='word_1_28' title='bbox 336 212 443 258; x_wconf 85' lang='lat' dir='ltr'>longae</span> <span class='ocrx_word' id='word_1_29' title='bbox 463 223 563 246; x_wconf 90' lang='lat' dir='ltr'>naves</span> <span class='ocrx_word' id='word_1_30' title='bbox 588 211 732 246; x_wconf 88' lang='lat' dir='ltr'>militum</span> <span class='ocrx_word' id='word_1_31' title='bbox 753 222 872 256; x_wconf 85' lang='lat' dir='ltr'>capere</span> <span class='ocrx_word' id='word_1_32' title='bbox 895 222 963 245; x_wconf 90' lang='lat' dir='ltr'>non</span> <span class='ocrx_word' id='word_1_33' title='bbox 987 213 1082 255; x_wconf 86' lang='lat' dir='ltr'>pote-</span> 
     </span>
     <span class='ocr_line' id='line_1_6' title="bbox 33 261 1079 308; baseline -0.004 -9"><span class='ocrx_word' id='word_1_34' title='bbox 33 268 117 307; x_wconf 81' lang='lat' dir='ltr'>rant,</span> <span class='ocrx_word' id='word_1_35' title='bbox 136 264 171 298; x_wconf 88' lang='lat' dir='ltr'>in</span> <span class='ocrx_word' id='word_1_36' title='bbox 187 264 354 298; x_wconf 82' lang='lat' dir='ltr'>onerarias</span> <span class='ocrx_word' id='word_1_37' title='bbox 377 263 541 308; x_wconf 79' lang='lat' dir='ltr'>impositis</span> <span class='ocrx_word' id='word_1_38' title='bbox 567 262 672 298; x_wconf 77' lang='lat' dir='ltr'>altero</span> <span class='ocrx_word' id='word_1_39' title='bbox 693 262 746 297; x_wconf 87' lang='lat' dir='ltr'>die</span> <span class='ocrx_word' id='word_1_40' title='bbox 762 262 897 297; x_wconf 87' lang='lat' dir='ltr'>Oricum</span> <span class='ocrx_word' id='word_1_41' title='bbox 916 261 1079 306; x_wconf 86' lang='lat' dir='ltr'>pervenit,</span> 
     </span>
     <span class='ocr_line' id='line_1_7' title="bbox 33 311 1081 360; baseline -0.004 -10"><span class='ocrx_word' id='word_1_42' title='bbox 33 315 212 360; x_wconf 79' lang='lat' dir='ltr'>urbemque</span> <span class='ocrx_word' id='word_1_43' title='bbox 229 327 301 350; x_wconf 84' lang='lat' dir='ltr'>eam</span> <span class='ocrx_word' id='word_1_44' title='bbox 319 314 383 349; x_wconf 86' lang='lat' dir='ltr'>levi</span> <span class='ocrx_word' id='word_1_45' title='bbox 400 318 537 350; x_wconf 87' lang='lat' dir='ltr'>tenente</span> <span class='ocrx_word' id='word_1_46' title='bbox 559 313 724 359; x_wconf 76' lang='lat' dir='ltr'>praesidio,</span> <span class='ocrx_word' id='word_1_47' title='bbox 743 312 831 359; x_wconf 89' lang='lat' dir='ltr'>quod</span> <span class='ocrx_word' id='word_1_48' title='bbox 848 325 907 347; x_wconf 78' lang='lat' dir='ltr'>rex</span> <span class='ocrx_word' id='word_1_49' title='bbox 924 311 1081 347; x_wconf 78' lang='lat' dir='ltr'>recedens</span> 
     </span>
     <span class='ocr_line' id='line_1_8' title="bbox 30 363 1110 412; baseline -0.004 -10"><span class='ocrx_word' id='word_1_50' title='bbox 30 367 106 402; x_wconf 87' lang='lat' dir='ltr'>iude</span> <span class='ocrx_word' id='word_1_51' title='bbox 123 367 311 412; x_wconf 75' lang='lat' dir='ltr'>reliquerat,</span> <span class='ocrx_word' id='word_1_52' title='bbox 330 366 419 401; x_wconf 81' lang='lat' dir='ltr'>haud</span> <span class='ocrx_word' id='word_1_53' title='bbox 436 378 558 411; x_wconf 76' lang='lat' dir='ltr'>magno</span> <span class='ocrx_word' id='word_1_54' title='bbox 576 365 756 400; x_wconf 75' lang='lat' dir='ltr'>certamine</span> <span class='ocrx_word' id='word_1_55' title='bbox 773 364 909 410; x_wconf 87' lang='lat' dir='ltr'>recepit.</span> <span class='ocrx_word' id='word_1_56' title='bbox 959 363 1081 408; x_wconf 84' lang='lat' dir='ltr'>Legati</span> <span class='ocrx_word' id='word_1_57' title='bbox 1093 369 1110 398; x_wconf 91' lang='lat'><em>5</em></span> 
     </span>
     <span class='ocr_line' id='line_1_9' title="bbox 30 415 1082 463; baseline -0.004 -10"><span class='ocrx_word' id='word_1_58' title='bbox 30 430 68 453; x_wconf 90' lang='lat' dir='ltr'>eo</span> <span class='ocrx_word' id='word_1_59' title='bbox 92 418 132 453; x_wconf 86' lang='lat' dir='ltr'>ab</span> <span class='ocrx_word' id='word_1_60' title='bbox 155 417 332 463; x_wconf 85' lang='lat' dir='ltr'>Apollonia</span> <span class='ocrx_word' id='word_1_61' title='bbox 351 422 514 452; x_wconf 82' lang='lat' dir='ltr'>venerunt</span> <span class='ocrx_word' id='word_1_62' title='bbox 535 417 729 451; x_wconf 79' lang='lat' dir='ltr'>nuntiantes</span> <span class='ocrx_word' id='word_1_63' title='bbox 748 417 783 451; x_wconf 87' lang='lat' dir='ltr'>in</span> <span class='ocrx_word' id='word_1_64' title='bbox 807 415 978 451; x_wconf 85' lang='lat' dir='ltr'>obsidione</span> <span class='ocrx_word' id='word_1_65' title='bbox 999 427 1082 457; x_wconf 74' lang='lat' dir='ltr'>sese,</span> 
     </span>
     <span class='ocr_line' id='line_1_10' title="bbox 30 466 1082 515; baseline -0.004 -12"><span class='ocrx_word' id='word_1_66' title='bbox 30 469 119 515; x_wconf 91' lang='lat' dir='ltr'>quod</span> <span class='ocrx_word' id='word_1_67' title='bbox 136 469 275 504; x_wconf 85' lang='lat' dir='ltr'>deficere</span> <span class='ocrx_word' id='word_1_68' title='bbox 293 469 333 503; x_wconf 80' lang='lat' dir='ltr'>ab</span> <span class='ocrx_word' id='word_1_69' title='bbox 351 468 510 503; x_wconf 78' lang='lat' dir='ltr'>Romanis</span> <span class='ocrx_word' id='word_1_70' title='bbox 527 468 664 509; x_wconf 87' lang='lat' dir='ltr'>nollent,</span> <span class='ocrx_word' id='word_1_71' title='bbox 684 480 766 509; x_wconf 85' lang='lat' dir='ltr'>esse,</span> <span class='ocrx_word' id='word_1_72' title='bbox 785 479 893 513; x_wconf 86' lang='lat' dir='ltr'>neque</span> <span class='ocrx_word' id='word_1_73' title='bbox 916 466 1082 501; x_wconf 80' lang='lat' dir='ltr'>sustinere</span> 
     </span>
     <span class='ocr_line' id='line_1_11' title="bbox 31 517 1083 565; baseline -0.004 -10"><span class='ocrx_word' id='word_1_74' title='bbox 31 521 119 555; x_wconf 83' lang='lat' dir='ltr'>ultra</span> <span class='ocrx_word' id='word_1_75' title='bbox 147 521 215 555; x_wconf 87' lang='lat' dir='ltr'>vim</span> <span class='ocrx_word' id='word_1_76' title='bbox 243 520 464 555; x_wconf 80' lang='lat' dir='ltr'>Macedonum</span> <span class='ocrx_word' id='word_1_77' title='bbox 496 531 594 565; x_wconf 91' lang='lat' dir='ltr'>posse</span> <span class='ocrx_word' id='word_1_78' title='bbox 619 519 684 554; x_wconf 90' lang='lat' dir='ltr'>nisi</span> <span class='ocrx_word' id='word_1_79' title='bbox 708 518 899 564; x_wconf 81' lang='lat' dir='ltr'>praesidium</span> <span class='ocrx_word' id='word_1_80' title='bbox 926 517 1083 552; x_wconf 77' lang='lat' dir='ltr'>mittatur</span> 
     </span>
     <span class='ocr_line' id='line_1_12' title="bbox 34 568 1111 616; baseline -0.004 -10"><span class='ocrx_word' id='word_1_81' title='bbox 34 572 230 606; x_wconf 82' lang='lat' dir='ltr'>Romanum.</span> <span class='ocrx_word' id='word_1_82' title='bbox 280 571 462 606; x_wconf 81' lang='lat' dir='ltr'>Facturum</span> <span class='ocrx_word' id='word_1_83' title='bbox 492 583 527 605; x_wconf 88' lang='lat' dir='ltr'>se</span> <span class='ocrx_word' id='word_1_84' title='bbox 557 583 629 616; x_wconf 81' lang='lat' dir='ltr'>quae</span> <span class='ocrx_word' id='word_1_85' title='bbox 658 571 781 605; x_wconf 82' lang='lat' dir='ltr'>vellent</span> <span class='ocrx_word' id='word_1_86' title='bbox 810 569 989 616; x_wconf 83' lang='lat' dir='ltr'>pollicitus,</span> <span class='ocrx_word' id='word_1_87' title='bbox 1017 568 1111 603; x_wconf 82' lang='lat' dir='ltr'>duo6</span> 
     </span>
     <span class='ocr_line' id='line_1_13' title="bbox 31 619 1083 667; baseline -0.003 -10"><span class='ocrx_word' id='word_1_88' title='bbox 31 623 132 658; x_wconf 84' lang='lat' dir='ltr'>millia</span> <span class='ocrx_word' id='word_1_89' title='bbox 164 623 368 658; x_wconf 85' lang='lat' dir='ltr'>delectorum</span> <span class='ocrx_word' id='word_1_90' title='bbox 399 621 544 656; x_wconf 81' lang='lat' dir='ltr'>militum</span> <span class='ocrx_word' id='word_1_91' title='bbox 579 621 720 657; x_wconf 80' lang='lat' dir='ltr'>navibus</span> <span class='ocrx_word' id='word_1_92' title='bbox 753 621 862 667; x_wconf 85' lang='lat' dir='ltr'>longis</span> <span class='ocrx_word' id='word_1_93' title='bbox 902 620 1008 655; x_wconf 83' lang='lat' dir='ltr'>mittit</span> <span class='ocrx_word' id='word_1_94' title='bbox 1041 619 1083 654; x_wconf 82' lang='lat' dir='ltr'>ad</span> 
     </span>
     <span class='ocr_line' id='line_1_14' title="bbox 31 671 1082 718; baseline -0.004 -9"><span class='ocrx_word' id='word_1_95' title='bbox 31 675 155 709; x_wconf 88' lang='lat' dir='ltr'>ostium</span> <span class='ocrx_word' id='word_1_96' title='bbox 171 674 316 709; x_wconf 84' lang='lat' dir='ltr'>fluminis</span> <span class='ocrx_word' id='word_1_97' title='bbox 339 685 415 708; x_wconf 88' lang='lat' dir='ltr'>eum</span> <span class='ocrx_word' id='word_1_98' title='bbox 432 673 592 718; x_wconf 65' lang='lat' dir='ltr'>praefecto</span> <span class='ocrx_word' id='word_1_99' title='bbox 613 673 740 708; x_wconf 68' lang='lat' dir='ltr'>socium</span> <span class='ocrx_word' id='word_1_100' title='bbox 759 673 802 710; x_wconf 79' lang='lat' dir='ltr'>Q.</span> <span class='ocrx_word' id='word_1_101' title='bbox 822 672 941 707; x_wconf 82' lang='lat' dir='ltr'>Naevio</span> <span class='ocrx_word' id='word_1_102' title='bbox 959 671 1082 712; x_wconf 82' lang='lat' dir='ltr'>Crista,</span> 
     </span>
     <span class='ocr_line' id='line_1_15' title="bbox 31 723 1112 770; baseline -0.002 -10"><span class='ocrx_word' id='word_1_103' title='bbox 31 726 102 760; x_wconf 84' lang='lat' dir='ltr'>viro</span> <span class='ocrx_word' id='word_1_104' title='bbox 129 725 272 770; x_wconf 79' lang='lat' dir='ltr'>impigro</span> <span class='ocrx_word' id='word_1_105' title='bbox 301 727 335 760; x_wconf 90' lang='lat' dir='ltr'>et</span> <span class='ocrx_word' id='word_1_106' title='bbox 367 724 475 770; x_wconf 89' lang='lat' dir='ltr'>perito</span> <span class='ocrx_word' id='word_1_107' title='bbox 508 724 644 759; x_wconf 85' lang='lat' dir='ltr'>militiae.</span> <span class='ocrx_word' id='word_1_108' title='bbox 694 724 731 760; x_wconf 87' lang='lat' dir='ltr'>Is</span> <span class='ocrx_word' id='word_1_109' title='bbox 760 723 921 769; x_wconf 81' lang='lat' dir='ltr'>expositis</span> <span class='ocrx_word' id='word_1_110' title='bbox 954 723 990 757; x_wconf 90' lang='lat' dir='ltr'>in</span> <span class='ocrx_word' id='word_1_111' title='bbox 1018 726 1112 758; x_wconf 85' lang='lat' dir='ltr'>ter-7</span> 
     </span>
     <span class='ocr_line' id='line_1_16' title="bbox 31 774 1083 821; baseline -0.004 -10"><span class='ocrx_word' id='word_1_112' title='bbox 31 789 101 811; x_wconf 80' lang='lat' dir='ltr'>ram</span> <span class='ocrx_word' id='word_1_113' title='bbox 127 776 288 811; x_wconf 78' lang='lat' dir='ltr'>militibus</span> <span class='ocrx_word' id='word_1_114' title='bbox 312 775 520 821; x_wconf 87' lang='lat' dir='ltr'>navibusque</span> <span class='ocrx_word' id='word_1_115' title='bbox 544 775 683 810; x_wconf 88' lang='lat' dir='ltr'>Oricum</span> <span class='ocrx_word' id='word_1_116' title='bbox 703 779 804 817; x_wconf 80' lang='lat' dir='ltr'>retro,</span> <span class='ocrx_word' id='word_1_117' title='bbox 825 774 914 810; x_wconf 90' lang='lat' dir='ltr'>unde</span> <span class='ocrx_word' id='word_1_118' title='bbox 933 777 1083 817; x_wconf 78' lang='lat' dir='ltr'>venerat,</span> 
     </span>
     <span class='ocr_line' id='line_1_17' title="bbox 31 825 1084 872; baseline -0.004 -9"><span class='ocrx_word' id='word_1_119' title='bbox 31 828 74 863; x_wconf 84' lang='lat' dir='ltr'>ad</span> <span class='ocrx_word' id='word_1_120' title='bbox 99 832 252 863; x_wconf 83' lang='lat' dir='ltr'>caeteram</span> <span class='ocrx_word' id='word_1_121' title='bbox 279 827 416 862; x_wconf 75' lang='lat' dir='ltr'>classem</span> <span class='ocrx_word' id='word_1_122' title='bbox 442 827 590 861; x_wconf 82' lang='lat' dir='ltr'>remissis</span> <span class='ocrx_word' id='word_1_123' title='bbox 615 826 738 861; x_wconf 82' lang='lat' dir='ltr'>milites</span> <span class='ocrx_word' id='word_1_124' title='bbox 764 825 880 872; x_wconf 88' lang='lat' dir='ltr'>procul</span> <span class='ocrx_word' id='word_1_125' title='bbox 905 838 924 860; x_wconf 88' lang='lat' dir='ltr'>a</span> <span class='ocrx_word' id='word_1_126' title='bbox 947 825 1084 859; x_wconf 88' lang='lat' dir='ltr'>flumine</span> 
     </span>
     <span class='ocr_line' id='line_1_18' title="bbox 32 877 1083 924; baseline -0.004 -10"><span class='ocrx_word' id='word_1_127' title='bbox 32 891 92 924; x_wconf 88' lang='lat' dir='ltr'>per</span> <span class='ocrx_word' id='word_1_128' title='bbox 116 879 202 914; x_wconf 85' lang='lat' dir='ltr'>viam</span> <span class='ocrx_word' id='word_1_129' title='bbox 231 878 366 913; x_wconf 84' lang='lat' dir='ltr'>minime</span> <span class='ocrx_word' id='word_1_130' title='bbox 394 877 435 913; x_wconf 83' lang='lat' dir='ltr'>ab</span> <span class='ocrx_word' id='word_1_131' title='bbox 460 878 561 924; x_wconf 88' lang='lat' dir='ltr'>regiis</span> <span class='ocrx_word' id='word_1_132' title='bbox 589 877 758 913; x_wconf 82' lang='lat' dir='ltr'>obsessam</span> <span class='ocrx_word' id='word_1_133' title='bbox 788 877 895 919; x_wconf 83' lang='lat' dir='ltr'>duxit,</span> <span class='ocrx_word' id='word_1_134' title='bbox 923 881 957 913; x_wconf 85' lang='lat' dir='ltr'>et</span> <span class='ocrx_word' id='word_1_135' title='bbox 985 881 1083 910; x_wconf 82' lang='lat' dir='ltr'>nocte</span> 
     </span>
     <span class='ocr_line' id='line_1_19' title="bbox 33 928 1082 973; baseline -0.003 -9"><span class='ocrx_word' id='word_1_136' title='bbox 33 932 81 965; x_wconf 82' lang='lat' dir='ltr'>ita</span> <span class='ocrx_word' id='word_1_137' title='bbox 111 934 150 964; x_wconf 93' lang='lat' dir='ltr'>ut</span> <span class='ocrx_word' id='word_1_138' title='bbox 182 942 279 965; x_wconf 86' lang='lat' dir='ltr'>nemo</span> <span class='ocrx_word' id='word_1_139' title='bbox 310 929 457 964; x_wconf 88' lang='lat' dir='ltr'>hostium</span> <span class='ocrx_word' id='word_1_140' title='bbox 490 930 631 964; x_wconf 79' lang='lat' dir='ltr'>sentiret</span> <span class='ocrx_word' id='word_1_141' title='bbox 663 930 781 964; x_wconf 90' lang='lat' dir='ltr'>urbem</span> <span class='ocrx_word' id='word_1_142' title='bbox 814 932 867 963; x_wconf 82' lang='lat' dir='ltr'>est</span> <span class='ocrx_word' id='word_1_143' title='bbox 899 928 1082 973; x_wconf 80' lang='lat' dir='ltr'>ingressus.</span> 
     </span>
     <span class='ocr_line' id='line_1_20' title="bbox 34 979 1114 1027; baseline -0.005 -10"><span class='ocrx_word' id='word_1_144' title='bbox 34 982 132 1017; x_wconf 86' lang='lat' dir='ltr'>Diem</span> <span class='ocrx_word' id='word_1_145' title='bbox 150 981 379 1027; x_wconf 85' lang='lat' dir='ltr'>insequentem</span> <span class='ocrx_word' id='word_1_146' title='bbox 398 981 563 1026; x_wconf 89' lang='lat' dir='ltr'>quievere,</span> <span class='ocrx_word' id='word_1_147' title='bbox 583 980 660 1015; x_wconf 88' lang='lat' dir='ltr'>dum</span> <span class='ocrx_word' id='word_1_148' title='bbox 679 980 857 1026; x_wconf 83' lang='lat' dir='ltr'>praefectus</span> <span class='ocrx_word' id='word_1_149' title='bbox 872 979 1083 1025; x_wconf 83' lang='lat' dir='ltr'>juventutem</span> <span class='ocrx_word' id='word_1_150' title='bbox 1097 987 1114 1016; x_wconf 86' lang='lat'>8</span> 
     </span>
     <span class='ocr_line' id='line_1_21' title="bbox 33 1029 1115 1078; baseline -0.001 -11"><span class='ocrx_word' id='word_1_151' title='bbox 33 1033 295 1078; x_wconf 84' lang='lat' dir='ltr'>Apolloniatium</span> <span class='ocrx_word' id='word_1_152' title='bbox 319 1044 475 1077; x_wconf 79' lang='lat' dir='ltr'>armaque</span> <span class='ocrx_word' id='word_1_153' title='bbox 498 1035 532 1066; x_wconf 90' lang='lat' dir='ltr'>et</span> <span class='ocrx_word' id='word_1_154' title='bbox 553 1031 646 1068; x_wconf 83' lang='lat' dir='ltr'>urbis</span> <span class='ocrx_word' id='word_1_155' title='bbox 667 1032 756 1068; x_wconf 85' lang='lat' dir='ltr'>vires</span> <span class='ocrx_word' id='word_1_156' title='bbox 777 1031 967 1077; x_wconf 85' lang='lat' dir='ltr'>inspiceret.</span> <span class='ocrx_word' id='word_1_157' title='bbox 1016 1029 1115 1066; x_wconf 89' lang='lat' dir='ltr'>Ubi9</span> 
     </span>
     <span class='ocr_line' id='line_1_22' title="bbox 33 1081 1086 1129; baseline -0.002 -11"><span class='ocrx_word' id='word_1_158' title='bbox 33 1096 72 1119; x_wconf 84' lang='lat' dir='ltr'>ea</span> <span class='ocrx_word' id='word_1_159' title='bbox 98 1084 170 1118; x_wconf 78' lang='lat' dir='ltr'>visa</span> <span class='ocrx_word' id='word_1_160' title='bbox 201 1084 417 1129; x_wconf 84' lang='lat' dir='ltr'>inspectaque</span> <span class='ocrx_word' id='word_1_161' title='bbox 447 1083 528 1118; x_wconf 84' lang='lat' dir='ltr'>satis</span> <span class='ocrx_word' id='word_1_162' title='bbox 558 1083 743 1118; x_wconf 82' lang='lat' dir='ltr'>animorum</span> <span class='ocrx_word' id='word_1_163' title='bbox 771 1082 889 1124; x_wconf 87' lang='lat' dir='ltr'>fecere,</span> <span class='ocrx_word' id='word_1_164' title='bbox 921 1081 1086 1126; x_wconf 86' lang='lat' dir='ltr'>simulque</span> 
     </span>
     <span class='ocr_line' id='line_1_23' title="bbox 33 1132 1086 1180; baseline -0.002 -11"><span class='ocrx_word' id='word_1_165' title='bbox 33 1135 74 1170; x_wconf 82' lang='lat' dir='ltr'>ab</span> <span class='ocrx_word' id='word_1_166' title='bbox 98 1134 363 1180; x_wconf 82' lang='lat' dir='ltr'>exploratoribus</span> <span class='ocrx_word' id='word_1_167' title='bbox 389 1134 560 1179; x_wconf 88' lang='lat' dir='ltr'>comperit,</span> <span class='ocrx_word' id='word_1_168' title='bbox 588 1136 714 1180; x_wconf 79' lang='lat' dir='ltr'>quanta</span> <span class='ocrx_word' id='word_1_169' title='bbox 738 1133 889 1169; x_wconf 80' lang='lat' dir='ltr'>socordia</span> <span class='ocrx_word' id='word_1_170' title='bbox 915 1145 954 1168; x_wconf 83' lang='lat' dir='ltr'>ac</span> <span class='ocrx_word' id='word_1_171' title='bbox 982 1132 1086 1176; x_wconf 71' lang='lat' dir='ltr'>negli-</span> 
     </span>
     <span class='ocr_line' id='line_1_24' title="bbox 33 1184 1087 1232; baseline -0.003 -11"><span class='ocrx_word' id='word_1_172' title='bbox 33 1187 147 1232; x_wconf 85' lang='lat' dir='ltr'>gentia</span> <span class='ocrx_word' id='word_1_173' title='bbox 171 1185 259 1232; x_wconf 82' lang='lat' dir='ltr'>apud</span> <span class='ocrx_word' id='word_1_174' title='bbox 284 1186 398 1220; x_wconf 84' lang='lat' dir='ltr'>hostes</span> <span class='ocrx_word' id='word_1_175' title='bbox 424 1189 523 1227; x_wconf 84' lang='lat' dir='ltr'>esset,</span> <span class='ocrx_word' id='word_1_176' title='bbox 551 1185 683 1220; x_wconf 90' lang='lat' dir='ltr'>silentio</span> <span class='ocrx_word' id='word_1_177' title='bbox 707 1185 816 1220; x_wconf 90' lang='lat' dir='ltr'>noctis</span> <span class='ocrx_word' id='word_1_178' title='bbox 842 1184 882 1219; x_wconf 85' lang='lat' dir='ltr'>ab</span> <span class='ocrx_word' id='word_1_179' title='bbox 907 1184 992 1225; x_wconf 82' lang='lat' dir='ltr'>urbe</span> <span class='ocrx_word' id='word_1_180' title='bbox 1015 1184 1087 1218; x_wconf 85' lang='lat' dir='ltr'>sine</span> 
     </span>
     <span class='ocr_line' id='line_1_25' title="bbox 33 1235 1084 1282; baseline -0.004 -9"><span class='ocrx_word' id='word_1_181' title='bbox 33 1238 100 1273; x_wconf 91' lang='lat' dir='ltr'>ullo</span> <span class='ocrx_word' id='word_1_182' title='bbox 132 1237 284 1273; x_wconf 85' lang='lat' dir='ltr'>tumultu</span> <span class='ocrx_word' id='word_1_183' title='bbox 315 1249 470 1282; x_wconf 81' lang='lat' dir='ltr'>egressus</span> <span class='ocrx_word' id='word_1_184' title='bbox 503 1242 614 1272; x_wconf 78' lang='lat' dir='ltr'>castra</span> <span class='ocrx_word' id='word_1_185' title='bbox 644 1237 794 1271; x_wconf 87' lang='lat' dir='ltr'>hostium</span> <span class='ocrx_word' id='word_1_186' title='bbox 823 1236 905 1271; x_wconf 82' lang='lat' dir='ltr'>adeo</span> <span class='ocrx_word' id='word_1_187' title='bbox 932 1235 1084 1282; x_wconf 83' lang='lat' dir='ltr'>neglecta</span> 
     </span>
     <span class='ocr_line' id='line_1_26' title="bbox 33 1286 1086 1334; baseline -0.002 -10"><span class='ocrx_word' id='word_1_188' title='bbox 33 1293 134 1334; x_wconf 84' lang='lat' dir='ltr'>atque</span> <span class='ocrx_word' id='word_1_189' title='bbox 166 1293 283 1334; x_wconf 82' lang='lat' dir='ltr'>aperta</span> <span class='ocrx_word' id='word_1_190' title='bbox 310 1288 458 1330; x_wconf 85' lang='lat' dir='ltr'>intravit,</span> <span class='ocrx_word' id='word_1_191' title='bbox 488 1291 527 1323; x_wconf 90' lang='lat' dir='ltr'>ut</span> <span class='ocrx_word' id='word_1_192' title='bbox 556 1288 638 1323; x_wconf 85' lang='lat' dir='ltr'>satis</span> <span class='ocrx_word' id='word_1_193' title='bbox 670 1291 840 1323; x_wconf 84' lang='lat' dir='ltr'>constaret</span> <span class='ocrx_word' id='word_1_194' title='bbox 869 1287 963 1332; x_wconf 90' lang='lat' dir='ltr'>prius</span> <span class='ocrx_word' id='word_1_195' title='bbox 995 1286 1086 1323; x_wconf 83' lang='lat' dir='ltr'>mille</span> 
     </span>
     <span class='ocr_line' id='line_1_27' title="bbox 35 1339 1084 1385; baseline -0.002 -10"><span class='ocrx_word' id='word_1_196' title='bbox 35 1341 203 1375; x_wconf 86' lang='lat' dir='ltr'>hominurn</span> <span class='ocrx_word' id='word_1_197' title='bbox 226 1339 348 1375; x_wconf 79' lang='lat' dir='ltr'>vallum</span> <span class='ocrx_word' id='word_1_198' title='bbox 371 1340 514 1376; x_wconf 66' lang='lat' dir='ltr'>intrfisse</span> <span class='ocrx_word' id='word_1_199' title='bbox 538 1351 637 1385; x_wconf 80' lang='lat' dir='ltr'>quam</span> <span class='ocrx_word' id='word_1_200' title='bbox 660 1340 835 1385; x_wconf 85' lang='lat' dir='ltr'>quisquam</span> <span class='ocrx_word' id='word_1_201' title='bbox 858 1339 1012 1382; x_wconf 86' lang='lat' dir='ltr'>sentiret,</span> <span class='ocrx_word' id='word_1_202' title='bbox 1036 1350 1084 1380; x_wconf 84' lang='lat' dir='ltr'>ac,</span> 
     </span>
     <span class='ocr_line' id='line_1_28' title="bbox 34 1390 1086 1436; baseline -0.003 -9"><span class='ocrx_word' id='word_1_203' title='bbox 34 1392 63 1427; x_wconf 89' lang='lat' dir='ltr'>si</span> <span class='ocrx_word' id='word_1_204' title='bbox 89 1391 178 1427; x_wconf 85' lang='lat' dir='ltr'>caede</span> <span class='ocrx_word' id='word_1_205' title='bbox 205 1391 455 1433; x_wconf 85' lang='lat' dir='ltr'>abstinuissent,</span> <span class='ocrx_word' id='word_1_206' title='bbox 483 1391 658 1436; x_wconf 79' lang='lat' dir='ltr'>pervenire</span> <span class='ocrx_word' id='word_1_207' title='bbox 687 1391 728 1425; x_wconf 83' lang='lat' dir='ltr'>ad</span> <span class='ocrx_word' id='word_1_208' title='bbox 755 1390 1007 1426; x_wconf 83' lang='lat' dir='ltr'>tabernaculum</span> <span class='ocrx_word' id='word_1_209' title='bbox 1037 1401 1086 1424; x_wconf 91' lang='lat' dir='ltr'>re-</span> 
     </span>
     <span class='ocr_line' id='line_1_29' title="bbox 35 1441 1138 1489; baseline -0.002 -12"><span class='ocrx_word' id='word_1_210' title='bbox 35 1443 125 1489; x_wconf 82' lang='lat' dir='ltr'>gium</span> <span class='ocrx_word' id='word_1_211' title='bbox 158 1443 318 1488; x_wconf 87' lang='lat' dir='ltr'>potuisse.</span> <span class='ocrx_word' id='word_1_212' title='bbox 377 1442 494 1479; x_wconf 79' lang='lat' dir='ltr'>Caedes</span> <span class='ocrx_word' id='word_1_213' title='bbox 527 1442 756 1488; x_wconf 82' lang='lat' dir='ltr'>proximorum</span> <span class='ocrx_word' id='word_1_214' title='bbox 787 1445 895 1487; x_wconf 86' lang='lat' dir='ltr'>portae</span> <span class='ocrx_word' id='word_1_215' title='bbox 927 1441 1086 1476; x_wconf 84' lang='lat' dir='ltr'>excitavit</span> <span class='ocrx_word' id='word_1_216' title='bbox 1100 1447 1138 1476; x_wconf 88' lang='grc'>10</span> 
     </span>
     <span class='ocr_line' id='line_1_30' title="bbox 35 1492 1086 1539; baseline -0.003 -10"><span class='ocrx_word' id='word_1_217' title='bbox 35 1495 169 1529; x_wconf 87' lang='lat' dir='ltr'>hostes:</span> <span class='ocrx_word' id='word_1_218' title='bbox 196 1493 273 1529; x_wconf 89' lang='lat' dir='ltr'>inde</span> <span class='ocrx_word' id='word_1_219' title='bbox 297 1496 413 1528; x_wconf 86' lang='lat' dir='ltr'>tantus</span> <span class='ocrx_word' id='word_1_220' title='bbox 439 1496 548 1528; x_wconf 86' lang='lat' dir='ltr'>terror</span> <span class='ocrx_word' id='word_1_221' title='bbox 570 1505 740 1539; x_wconf 83' lang='lat' dir='ltr'>pavorque</span> <span class='ocrx_word' id='word_1_222' title='bbox 762 1505 876 1528; x_wconf 88' lang='lat' dir='ltr'>omnes</span> <span class='ocrx_word' id='word_1_223' title='bbox 899 1492 1086 1537; x_wconf 77' lang='lat' dir='ltr'>occupavit,</span> 
     </span>
     <span class='ocr_line' id='line_1_31' title="bbox 35 1544 1088 1591; baseline -0.002 -11"><span class='ocrx_word' id='word_1_224' title='bbox 35 1549 74 1580; x_wconf 91' lang='lat' dir='ltr'>ut</span> <span class='ocrx_word' id='word_1_225' title='bbox 92 1557 158 1580; x_wconf 91' lang='lat' dir='ltr'>non</span> <span class='ocrx_word' id='word_1_226' title='bbox 180 1545 279 1580; x_wconf 87' lang='lat' dir='ltr'>modo</span> <span class='ocrx_word' id='word_1_227' title='bbox 304 1544 388 1579; x_wconf 83' lang='lat' dir='ltr'>alius</span> <span class='ocrx_word' id='word_1_228' title='bbox 414 1545 588 1591; x_wconf 81' lang='lat' dir='ltr'>quisquam</span> <span class='ocrx_word' id='word_1_229' title='bbox 614 1557 705 1579; x_wconf 85' lang='lat' dir='ltr'>arma</span> <span class='ocrx_word' id='word_1_230' title='bbox 729 1548 863 1590; x_wconf 84' lang='lat' dir='ltr'>caperet</span> <span class='ocrx_word' id='word_1_231' title='bbox 887 1548 946 1579; x_wconf 78' lang='lat' dir='ltr'>aut</span> <span class='ocrx_word' id='word_1_232' title='bbox 968 1544 1088 1579; x_wconf 82' lang='lat' dir='ltr'>castris</span> 
     </span>
     <span class='ocr_line' id='line_1_32' title="bbox 36 1595 1089 1642; baseline -0.002 -10"><span class='ocrx_word' id='word_1_233' title='bbox 36 1596 157 1642; x_wconf 87' lang='lat' dir='ltr'>pellere</span> <span class='ocrx_word' id='word_1_234' title='bbox 190 1596 321 1631; x_wconf 81' lang='lat' dir='ltr'>hostem</span> <span class='ocrx_word' id='word_1_235' title='bbox 353 1600 541 1638; x_wconf 86' lang='lat' dir='ltr'>conaretur,</span> <span class='ocrx_word' id='word_1_236' title='bbox 575 1595 635 1631; x_wconf 89' lang='lat' dir='ltr'>sed</span> <span class='ocrx_word' id='word_1_237' title='bbox 666 1596 768 1631; x_wconf 83' lang='lat' dir='ltr'>etiam</span> <span class='ocrx_word' id='word_1_238' title='bbox 799 1596 871 1641; x_wconf 89' lang='lat' dir='ltr'>ipse</span> <span class='ocrx_word' id='word_1_239' title='bbox 899 1608 968 1638; x_wconf 85' lang='lat' dir='ltr'>rex,</span> <span class='ocrx_word' id='word_1_240' title='bbox 999 1596 1089 1631; x_wconf 79' lang='lat' dir='ltr'>sicut</span> 
     </span>
     <span class='ocr_line' id='line_1_33' title="bbox 37 1647 1088 1694; baseline -0.002 -11"><span class='ocrx_word' id='word_1_241' title='bbox 37 1660 153 1683; x_wconf 88' lang='lat' dir='ltr'>somno</span> <span class='ocrx_word' id='word_1_242' title='bbox 185 1649 316 1683; x_wconf 75' lang='lat' dir='ltr'>excitus</span> <span class='ocrx_word' id='word_1_243' title='bbox 349 1652 421 1682; x_wconf 77' lang='lat' dir='ltr'>erat</span> <span class='ocrx_word' id='word_1_244' title='bbox 454 1660 560 1692; x_wconf 90' lang='lat' dir='ltr'>prope</span> <span class='ocrx_word' id='word_1_245' title='bbox 592 1647 787 1683; x_wconf 86' lang='lat' dir='ltr'>seminudus</span> <span class='ocrx_word' id='word_1_246' title='bbox 819 1647 952 1694; x_wconf 88' lang='lat' dir='ltr'>fugiens</span> <span class='ocrx_word' id='word_1_247' title='bbox 991 1647 1088 1682; x_wconf 89' lang='lat' dir='ltr'>militi</span> 
     </span>
     <span class='ocr_line' id='line_1_34' title="bbox 37 1698 1089 1745; baseline -0.001 -11"><span class='ocrx_word' id='word_1_248' title='bbox 37 1711 169 1745; x_wconf 88' lang='lat' dir='ltr'>quoque</span> <span class='ocrx_word' id='word_1_249' title='bbox 185 1699 308 1734; x_wconf 87' lang='lat' dir='ltr'>nedum</span> <span class='ocrx_word' id='word_1_250' title='bbox 325 1699 397 1744; x_wconf 87' lang='lat' dir='ltr'>regi</span> <span class='ocrx_word' id='word_1_251' title='bbox 414 1699 470 1732; x_wconf 82' lang='lat' dir='ltr'>vix</span> <span class='ocrx_word' id='word_1_252' title='bbox 489 1698 607 1733; x_wconf 88' lang='lat' dir='ltr'>decoro</span> <span class='ocrx_word' id='word_1_253' title='bbox 630 1698 757 1741; x_wconf 84' lang='lat' dir='ltr'>habitu,</span> <span class='ocrx_word' id='word_1_254' title='bbox 776 1698 817 1733; x_wconf 81' lang='lat' dir='ltr'>ad</span> <span class='ocrx_word' id='word_1_255' title='bbox 834 1699 959 1734; x_wconf 86' lang='lat' dir='ltr'>flumen</span> <span class='ocrx_word' id='word_1_256' title='bbox 975 1711 1089 1734; x_wconf 86' lang='lat' dir='ltr'>naves-</span> 
     </span>
     <span class='ocr_line' id='line_1_35' title="bbox 38 1749 1139 1796; baseline -0.002 -11"><span class='ocrx_word' id='word_1_257' title='bbox 38 1763 103 1796; x_wconf 88' lang='lat' dir='ltr'>que</span> <span class='ocrx_word' id='word_1_258' title='bbox 119 1750 315 1796; x_wconf 82' lang='lat' dir='ltr'>perfugerit.</span> <span class='ocrx_word' id='word_1_259' title='bbox 363 1750 489 1785; x_wconf 83' lang='lat' dir='ltr'>Eodem</span> <span class='ocrx_word' id='word_1_260' title='bbox 507 1754 542 1785; x_wconf 84' lang='lat' dir='ltr'>et</span> <span class='ocrx_word' id='word_1_261' title='bbox 559 1750 623 1786; x_wconf 80' lang='lat' dir='ltr'>alia</span> <span class='ocrx_word' id='word_1_262' title='bbox 638 1750 739 1786; x_wconf 87' lang='lat' dir='ltr'>turba</span> <span class='ocrx_word' id='word_1_263' title='bbox 754 1750 860 1786; x_wconf 82' lang='lat' dir='ltr'>effusa</span> <span class='ocrx_word' id='word_1_264' title='bbox 872 1754 935 1787; x_wconf 79' lang='lat' dir='ltr'>est.</span> <span class='ocrx_word' id='word_1_265' title='bbox 986 1749 1089 1788; x_wconf 85' lang='lat' dir='ltr'>Paulo</span> <span class='ocrx_word' id='word_1_266' title='bbox 1103 1752 1139 1787; x_wconf 77' lang='lat' dir='ltr'>ll</span> 
     </span>
    </p>
   </div>
  </div>
 </body>
</html>
