1298 1921
167 40 227 70 140
423 39 460 70 T.
485 39 603 69 LIVII
630 39 964 70 HISTORIARUM

117 119 155 149 lo
166 116 200 148 et
223 113 389 158 supplicio
415 113 564 157 dignum.
614 113 699 148 Tum
725 114 891 149 Pacuvius
919 81 1218 160 “Video[AciuC:i32il6e

166 165 228 200 hoc
245 165 412 200 sententia
434 166 497 200 sit:
525 164 600 199 date
623 165 728 210 igitur
751 177 811 210 pro
835 166 920 200 malo
945 170 1045 211 atque
1066 166 1216 211 improbo

117 216 290 252 llbonum
317 219 504 251 senatorem
533 218 567 250 et
593 216 757 261 justumff’
806 217 919 251 Primo
947 217 1116 251 silentium
1146 224 1219 251 erat

165 267 278 312 inopia
295 268 433 313 potioris
460 267 670 312 subjiciundi,
689 267 816 309 deinde,
835 281 936 313 quum
954 268 1072 314 aliquis
1095 268 1218 302 omissa

165 319 366 353 verecundia
398 319 587 364 quempiam
626 319 842 361 nominasset,
876 319 981 353 multo
1021 321 1128 363 major
1163 331 1220 353 ex-

166 369 292 415 templo
325 369 449 404 clamor
482 369 660 412 oriebatur,
695 382 797 414 qutun
831 369 886 404 alii
918 375 1079 415 negarent
1112 382 1220 413 nosse,

169 420 223 455 alii
240 433 328 456 nunc
346 421 467 466 probra
484 433 571 455 nunc
589 420 809 455 humilitatem
825 420 1056 466 sordidamque
1074 421 1219 466 inopiam

121 478 159 508 12
169 474 203 506 ct
228 472 389 517 pudendae
413 472 494 506 artis
513 475 571 506 aut
595 476 744 517 quaestus
772 484 877 516 genus
901 472 1093 516 objicerent.
1144 473 1221 507 Hoc

170 523 275 557 multo
305 523 410 568 inagis
440 523 475 558 in
500 522 646 557 secundo
672 535 709 557 ac
734 523 836 557 tertio
861 523 964 558 citato
990 527 1144 557 senatore
1169 526 1220 557 est

169 574 306 616 factum,
337 578 375 608 ut
404 574 509 620 ipsius
539 574 701 619 poenitere
727 574 876 609 homines
907 577 1091 619 appareret,
1123 587 1221 620 quem

170 630 283 660 autem
312 625 347 660 in
375 628 448 670 ejus
478 625 723 660 substituerent
750 625 870 664 locum,
900 625 1024 667 deesse,
1056 626 1133 671 quia
1160 637 1221 660 nee

171 676 304 711 eosdem
318 677 481 711 nominari
495 676 677 717 adtinebat,
695 676 776 710 nihil
790 676 879 710 aliud
893 689 990 721 quam
1004 676 1045 710 ad
1059 676 1222 711 audienda

172 728 293 773 probra
317 728 513 770 nominatos,
540 731 573 762 et
599 727 704 762 multo
728 727 920 762 humiliores
946 727 1222 773 obscurioresque

124 785 161 815 13
173 779 284 814 caeteri
308 783 403 813 erant
429 779 475 814 eis
498 779 554 824 qui
577 779 673 823 primi
699 778 865 813 memoriae
888 778 1116 813 occurrebant.
1167 779 1223 813 Ita

173 830 273 865 dilabi
304 830 463 871 homines,
495 830 704 864 notissimum
739 829 893 874 quodque
926 829 1048 864 malum
1081 830 1222 864 maxime

173 881 345 916 tolerabile
375 881 524 916 dicentes
550 893 623 916 esse
648 880 875 926 jubentesque
905 885 1058 915 senatum
1084 893 1125 915 ex
1150 893 1222 916 6115-

175 932 268 967 todia
285 932 419 967 dimitti.

107 988 164 1029 (4)
220 984 297 1018 Hoc
321 983 419 1018 modo
444 983 610 1018 Pacuvius
635 995 737 1028 quum
757 983 936 1017 obnoxium
961 983 1039 1017 vitae
1062 982 1221 1019 beneficio

175 1038 327 1069 senatum
354 1034 459 1069 multo
490 1034 553 1069 sibi
583 1034 688 1080 magis
719 1046 817 1079 quam
850 1034 939 1079 plebi
973 1034 1117 1076 fecisset,
1152 1035 1222 1068 sine

146 1086 273 1120 2armis
294 1088 363 1131 jam
386 1086 539 1121 omnibus
564 1085 822 1120 concedentibus
841 1085 1082 1120 dominabatur.
1132 1087 1224 1121 Hine

175 1140 344 1172 senatores
371 1138 496 1172 omissa
521 1137 694 1183 dignitatis
718 1137 947 1183 libertatisque
973 1137 1131 1172 memoria
1155 1138 1225 1182 ple-

174 1187 249 1222 bem
275 1188 420 1223 adulari:
456 1189 612 1229 salutare,
637 1188 779 1234 benigne
803 1188 954 1229 invitare,
978 1189 1148 1233 apparatis
1174 1201 1224 1223 ac-

175 1241 285 1284 cipere
314 1240 431 1285 epulis,
463 1253 518 1275 eas
551 1252 669 1275 causas
703 1240 881 1284 suscipere,
910 1241 940 1274 61
973 1253 1104 1286 semper
1136 1241 1224 1286 parti

175 1292 300 1332 adesse,
325 1291 507 1326 seeundum
533 1304 604 1325 eam
630 1291 722 1325 litem
744 1291 878 1335 judiees
904 1291 991 1333 dare=
1019 1305 1091 1337 qua:
1118 1292 1224 1337 magis

176 1343 346 1387 popularis
368 1343 544 1387 aptiorque
568 1343 602 1377 in
627 1342 746 1386 vulgus
771 1343 875 1376 favori
899 1343 1103 1377 conciliando
1126 1346 1223 1378 esset.

146 1395 252 1430 3Ja1n
281 1407 359 1429 vero
382 1394 465 1428 nihil
487 1395 522 1428 in
547 1398 664 1428 senatu
691 1397 800 1428 actum
827 1393 924 1428 aliter
949 1407 1046 1439 quam
1068 1395 1096 1428 si
1120 1394 1224 1440 plebis

177 1445 223 1480 ibi
238 1449 323 1480 esset
338 1445 523 1480 concilium.
571 1446 681 1479 Prona
694 1457 823 1490 semper
836 1445 953 1479 civitas
967 1446 1000 1479 in
1013 1445 1226 1480 luxuriam—-

176 1509 244 1531 non
261 1497 469 1541 ingeniorum
496 1496 594 1530 modo
611 1496 692 1530 vitio
711 1496 767 1530 sed
792 1496 940 1530 affluenti
963 1497 1058 1541 copia
1075 1496 1225 1541 volupta-

177 1548 262 1582 tium
291 1552 325 1582 et
354 1548 517 1582 illecebris
547 1548 653 1582 omnis
683 1547 882 1582 amoenitatis
908 1548 1080 1583 maritima}
1105 1552 1226 1583 terres-

177 1599 361 1643 t1·isque—-‚
381 1602 453 1633 tum
476 1611 555 1633 vero
572 1599 620 1633 ita
645 1599 803 1644 obsequio
828 1599 1014 1644 principum
1033 1603 1066 1634 et
1092 1599 1226 1634 licentia

177 1650 286 1695 plebei
314 1650 475 1689 lascivire,
506 1653 545 1684 ut
570 1663 630 1684 nee
655 1650 783 1684 libidini
808 1662 868 1685 nee
893 1650 1082 1696 sumptibus
1107 1650 1225 1685 modus

147 1704 275 1737 4esset‚
323 1701 377 1736 Ad
402 1704 631 1746 contemptum
660 1701 773 1746 legum
801 1702 1059 1747 magistratuum
1089 1705 1224 1736 senatus

176 1753 315 1788 accessit
338 1755 410 1787 tum
436 1756 514 1798 post
537 1752 746 1787 Cannensem
771 1752 897 1787 cladem
922 1756 971 1795 ut,
995 1755 1091 1798 cujus
1116 1753 1226 1799 aliqua
