1298 1921
398 65 488 97 LIB.
513 64 629 96 XXII.
655 65 791 98 37—39.
1066 66 1124 96 109

77 107 249 178 ἓιιξοεᾞιῗίἒί
264 139 324 176 teli
341 139 492 175 sumendi
508 142 567 175 aut
584 139 719 185 petendi
735 141 770 174 et
787 141 845 174 aut
858 138 966 174 hostis
984 138 1126 174 feriendi

77 197 135 228 aut
152 193 232 228 civis
249 191 402 227 servandi
427 204 535 227 causa.
585 191 627 226 Id
652 203 695 226 ex
713 191 901 226 voluntario
922 191 1011 226 inter
1034 191 1124 236 ipsos
1138 196 1160 225 4

75 244 197 280 foedere
222 242 264 278 ad
295 242 448 278 tribunos
475 243 517 278 ad
545 242 729 289 legitimam
753 242 841 287 juris
866 241 1003 287 jurandi
1031 241 1125 277 adac-

75 295 199 330 tionem
216 294 427 329 translatum.

122 346 317 386 Conciones,
351 346 543 392 priusquam
576 345 616 381 ab
649 345 731 381 urbe
764 345 862 391 signa
896 346 1124 386 moverentur,
1140 347 1159 376 5

76 397 219 432 consulis
236 397 397 432 Varronis
420 397 533 432 multae
555 409 592 432 ac
617 397 744 432 feroces
767 396 872 437 fuere,
897 395 1126 430 denuntiantis

74 447 197 483 bellum
211 448 404 483 arcessitum
423 449 457 483 in
475 448 606 483 Italiam
625 448 665 484 ab
683 447 849 483 nobilibus
867 459 1128 492 mansurumque

75 499 110 534 in
126 499 308 534 visceribus
333 499 382 534 rei
406 500 554 545 publicae,
575 501 602 535 si
628 500 739 545 plures
762 499 885 534 Fabios
910 499 1127 544 imperatores

74 550 231 585 haberet:
274 563 319 592 se,
350 563 415 596 quo
448 550 500 586 die
534 551 664 586 hostem
702 550 854 593 vidisset,
888 550 1126 596 perfecturum.

76 601 217 648 Collegae
239 602 310 647 ejus
335 601 432 636 Pauli
455 614 522 637 una
546 602 652 647 pridie
675 613 774 648 quam
800 614 843 636 ex
872 600 955 636 urbe
980 600 1127 646 proficis·
1143 603 1161 634 6

75 657 208 688 ceretur
236 653 350 688 concio
378 653 455 694 fuit,
479 654 586 688 verior
616 665 713 699 quam
743 652 874 698 gratior
903 652 1036 710 populo,
1064 664 1128 698 qua

74 703 157 738 nihil
184 704 402 739 inclementer
425 706 461 739 in
485 704 672 739 Varronem
701 703 830 738 dictum
862 703 927 738 nisi
955 703 991 738 id
1019 703 1127 746 modo,

74 754 187 790 mirari
211 767 255 797 se,
283 755 413 801 quodne
438 755 496 801 qui
521 755 600 798 dux,
625 755 822 800 priusquam
853 758 912 789 aut
941 767 1038 789 suum
1069 759 1128 789 aut

74 806 221 841 hostium
254 807 438 842 exercitum
476 806 622 842 locorum
657 807 759 841 situm
794 809 949 841 naturam
981 805 1128 852 regionis

74 861 198 899 nosset,
211 857 279 903 jam
297 870 385 893 nunc
402 862 539 904 togatus
556 859 590 893 in
607 860 689 893 urbe
707 858 808 893 sciret
827 870 901 903 quae
919 856 982 892 sibi
1000 857 1129 903 agenda

75 913 202 943 armato
225 909 346 951 forent,
371 913 404 944 et
429 909 516 944 diem
546 922 678 956 quoque
704 908 884 955 praedicere
909 912 1035 954 posset,
1063 921 1129 954 qua

75 972 151 994 cum
173 960 270 995 hoste
293 961 397 1007 signis
423 961 551 996 collatis
576 964 665 996 esset
691 960 923 995 dimicaturus.
975 960 1027 1002 Se,
1054 973 1128 1006 quae
1143 967 1162 1000 7

75 1011 211 1046 consilia
228 1012 334 1058 magis
350 1025 403 1047 res
426 1012 506 1048 dent
524 1012 713 1048 hominibus
732 1024 831 1057 quam
848 1011 999 1046 homines
1017 1012 1129 1055 rebus,

75 1075 115 1097 ea
139 1066 216 1098 ante
244 1067 378 1110 tempus
404 1065 583 1099 immatura
610 1076 677 1099 non
705 1066 973 1110 praecepturum:
1012 1067 1129 1109 optare

74 1117 123 1156 ut,
143 1126 216 1160 quae
241 1120 338 1150 caute
355 1128 392 1151 ac
418 1116 569 1151 consulte
594 1120 689 1162 gesta
713 1119 836 1156 essent,
863 1114 945 1149 satis
971 1127 1130 1160 prospere

74 1166 269 1201 evenirent:
304 1167 538 1209 temeritatem,
567 1170 789 1212 praeterquam
820 1165 910 1210 quod
938 1165 1044 1200 stulta
1071 1167 1127 1208 sit,

74 1216 240 1252 infelicem
264 1218 366 1252 etiam
390 1218 433 1253 ad
456 1218 488 1253 id
514 1218 663 1253 locorum
691 1218 806 1252 fuisse.
857 1217 898 1252 Id
924 1229 985 1252 sua
1009 1221 1160 1263 sponte8

75 1268 259 1312 apparebat
276 1272 352 1304 tuta
369 1269 533 1304 celeribus
551 1269 698 1304 consiliis
715 1269 984 1315 praepositurum,
1002 1273 1046 1310 et,
1062 1281 1128 1315 quo

74 1318 108 1354 id
142 1320 350 1355 constantius
383 1324 622 1366 perseveraret,
659 1321 697 1363 Q.
716 1320 840 1355 Fabius
872 1320 1046 1355 Maximus
1079 1321 1127 1355 sic

74 1382 149 1405 eum
180 1371 444 1416 proficiscentem
467 1372 670 1418 adloquutus
696 1371 823 1407 fertur:
852 1374 872 1389 “
887 1371 922 1406 Si
947 1375 1006 1406 aut
1031 1371 1125 1407 colle-
1138 1372 1224 1414 (39)

74 1434 160 1467 gam,
184 1422 219 1457 id
241 1422 331 1467 quod
355 1423 499 1465 mallem,
521 1423 573 1458 tui
597 1423 746 1466 similem,
771 1422 813 1458 L.
831 1422 957 1464 AEmffi,
975 1422 1125 1466 haberes,

74 1476 133 1508 aut
162 1476 203 1508 tu
228 1473 363 1520 collegae
393 1475 446 1510 tui
478 1487 568 1510 esses
602 1474 728 1517 similis,
762 1486 1008 1520 supervacanea
1039 1478 1129 1510 esset

73 1524 180 1559 oratio
201 1537 296 1560 mea:
322 1538 399 1560 nam
424 1533 459 1561 et
484 1526 549 1561 duo
572 1525 650 1561 boni
672 1525 826 1560 consules
849 1525 950 1560 etiam
973 1537 1026 1560 me
1042 1524 1130 1560 indi-

73 1580 171 1611 cente
195 1577 306 1612 omnia
327 1590 345 1612 e
369 1590 405 1613 re
427 1578 562 1624 publica
587 1578 650 1613 fide
674 1581 788 1613 vestra
816 1578 982 1619 faceretis,
1002 1584 1036 1613 et
1055 1578 1133 1614 mali

73 1640 136 1663 nec
158 1640 233 1662 mea
256 1628 358 1663 verba
382 1629 518 1664 auribus
545 1629 665 1664 vestris
690 1641 752 1664 nec
777 1629 915 1664 consilia
937 1629 1055 1664 animis
1080 1642 1131 1665 ac-

73 1679 240 1724 ciperetis.
290 1680 394 1715 Nunc
419 1686 454 1716 et
478 1681 641 1727 collegam
665 1684 762 1715 tuum
787 1683 821 1715 et
847 1686 881 1715 te
903 1680 1006 1715 talem
1022 1681 1130 1716 virum
1145 1686 1164 1716 2

72 1730 220 1765 intuenti
252 1731 333 1767 mihi
366 1735 480 1767 tecum
513 1732 620 1767 omnis
659 1732 767 1768 oratio
806 1735 868 1775 est,
902 1744 1001 1778 quem
1035 1732 1131 1767 video

73 1781 276 1828 nequiquam
305 1786 339 1818 et
368 1784 478 1819 virum
508 1783 631 1819 bonum
661 1787 695 1819 et
724 1784 830 1819 civem
859 1783 941 1828 fore,
969 1783 999 1819 si
1027 1783 1133 1819 altera
