1298 1921
380 35 470 68 LIB.
494 38 590 70 XXI.
616 43 752 75 47—49.
1045 52 1087 82 49

36 69 68 94 Α.
84 70 112 94 c.
126 70 197 104 218]

34 102 227 139 occiderunt
252 105 338 142 citra
360 109 486 146 flumen
508 112 724 161 interceptos.
776 119 888 166 Scipio
910 134 972 158 nec
988 137 1084 161 vexa·
1099 131 1118 161 6

32 152 156 189 tionem
173 155 320 193 vulneris
338 159 373 194 in
390 162 443 196 via
454 164 601 207 jactanti
618 167 707 202 ultra
724 171 854 214 patiens
872 176 906 208 et
924 174 1085 223 collegam

30 206 142 248 —J'am
171 207 258 242 enini
287 213 322 244 et
348 217 542 250 revocatum
572 229 615 251 ex
645 219 757 255 Sicilia
788 222 1083 264 audierat—ratus

29 257 299 304 exspectandum,
317 260 437 307 locum,
456 266 514 311 qui
531 279 634 314 prope
658 270 781 307 fiumen
805 274 996 312 tutissimus
1014 281 1083 313 sta-

27 305 105 340 tivis
122 310 173 342 est
197 309 300 352 visus,
320 312 486 351 delectum
509 321 714 357 communiit.
764 323 839 359 Nec
861 328 980 370 procul
1003 329 1080 365 inde
1095 334 1112 365 7

25 354 196 394 Hannibal
216 373 318 406 quum
344 367 562 413 consedisset,
581 376 743 416 quantum
767 375 909 412 victoria
931 382 1079 425 equestri

24 406 142 449 elatus,
168 412 301 447 tantum
327 416 446 452 anxius
475 419 597 466 inopia,
627 435 700 469 quae
724 437 784 470 per
803 426 951 464 hostium
979 443 1077 477 agros

23 462 155 494 euntem
174 474 339 509 nusquam
357 472 554 513 praeparatis
571 476 812 513 commeatibus
829 480 936 525 major
953 481 988 516 in
1005 482 1075 519 dies

21 510 216 556 excipiebat,
234 514 276 549 ad
292 516 491 555 Clastidium
509 523 630 567 vicum,
649 538 714 571 quo
737 541 895 575 magnum
913 532 1076 569 frumenti

19 571 194 598 numerum
212 574 450 613 congesserant
468 572 623 617 Romani,
642 577 759 614 mittit.
810 581 864 616 Ibi
887 595 990 629 quum
1007 586 1074 621 vim
1089 595 1107 624 8

18 617 183 656 pararent,
203 628 278 662 spes
302 619 392 655 facta
413 623 623 668 proditionis,
648 640 710 664 nec
730 643 810 666 sane
827 645 948 680 magno
965 637 1074 681 pretio

16 665 160 700 nummis
178 668 287 703 aureis
301 671 555 719 quadringentis
573 677 677 714 Dasio
690 680 895 719 Brundisino
913 688 1073 731 praefecto

15 715 162 758 praesidii
188 725 359 763 corrupto,
384 725 533 761 traditur
557 728 741 767 Hannibali
767 733 980 773 Clastidium.
1028 740 1104 776 Ida

14 764 170 801 horreum
194 768 260 804 fuit
285 771 399 808 Poenis
425 776 620 815 sedentibus
644 782 687 817 ad
711 783 875 821 Trebiam.
924 789 968 824 In
993 802 1071 837 cap-

14 815 100 851 tivos
123 830 165 853 ex
187 821 313 857 tradito
336 826 502 870 praesidio,
530 832 569 865 ut
598 831 687 868 fama
711 835 895 874 clementiae
917 839 954 875 in
979 843 1069 887 prin-

11 866 98 913 cipio
115 881 226 906 rerum
244 873 470 920 colligeretur,
487 880 572 916 nihil
588 884 742 921 saevitum
760 890 822 924 est.

38 1186 124 1218 issae,
142 1189 258 1214 novem
286 1181 438 1228 Liparas,
457 1190 534 1223 octo
551 1191 592 1225 ad
615 1191 760 1229 insulam
786 1197 929 1235 Vulcani
945 1203 1061 1238 tenue-

9 1229 93 1267 -unt‚
111 1233 180 1264 tres
197 1229 231 1265 in
249 1231 373 1269 fretum
398 1239 523 1274 avertit
544 1244 658 1278 aestus.
708 1245 762 1281 Ad
784 1259 840 1283 eas
863 1256 1059 1298 conspectas
1074 1261 1092 1290 3

49 1277 206 1315 Messana
235 1281 410 1321 duodecim
435 1300 537 1326 naves
563 1292 603 1328 ab
628 1294 779 1333 Hierone
807 1311 887 1346 rege
917 1303 1059 1349 Syracu-

11 1338 158 1365 ·anorum
178 1332 297 1377 missae,
318 1337 376 1382 qui
398 1341 471 1374 tum
493 1342 583 1379 forte
599 1345 768 1384 Messanae
791 1355 863 1387 erat
885 1355 1056 1393 consulem

11 1377 191 1417 Romanum
222 1387 409 1432 opperiens,
436 1392 529 1428 nullo
562 1403 773 1443 repugnante
805 1406 920 1448 captas
952 1418 1054 1443 naves

41 1441 192 1468 essanam
215 1434 252 1470 in
273 1442 408 1482 portum
430 1441 654 1483 deduxerunt.
705 1450 887 1498 Cognitum
913 1469 953 1491 ex
979 1466 1086 1505 cap-4

34 1806 90 1827 ων.
105 1809 175 1830 misr.
191 1813 222 1831 Π.
502 1815 522 1838 Ε
