1298 1921
200 38 261 67 144
456 37 492 67 T.
522 36 641 67 LIVII
667 37 1001 67 HISTORIARUM
1086 80 1120 110 [Α
1149 81 1169 105 c
1191 82 1238 105 216
1285 0 1290 122 1

198 109 299 145 todiae
328 122 428 145 causa
460 110 587 145 balneis
616 111 739 146 includi
767 113 882 156 jussit,
908 111 965 147 ubi
994 113 1123 148 fervore
1150 117 1251 160 atque
1286 124 1291 188 ι

201 165 287 197 aestu
305 162 415 196 anima
431 162 612 197 interclusa
628 163 753 197 foedum
771 164 806 198 in
822 163 956 198 modum
974 164 1191 209 exspirarent.

167 222 186 251 3
249 213 300 247 Ea
331 225 372 247 ne
406 213 523 247 fierent
551 225 617 247 neu
649 213 773 259 legatio
806 215 999 249 mitteretur
1028 215 1068 249 ad
1097 216 1249 257 Poenum,

200 276 330 298 summa
354 276 416 309 ope
441 264 566 298 Decius
592 264 738 308 Magius,
765 265 816 300 vir
845 265 899 300 cui
923 265 964 300 ad
989 278 1152 300 summam
1178 278 1251 300 auc-

200 315 372 349 toritatem
401 316 482 350 nihil
510 320 630 361 praeter
657 329 769 351 sanam
803 317 923 351 civium
958 322 1103 352 mentem
1133 317 1250 359 defuit,

168 367 381 403 4restiterat.
448 367 498 401 Ut
531 379 609 402 vero
642 368 833 413 praesidium
864 368 955 402 mitti
989 369 1029 403 ab
1062 369 1251 403 Hannibale

201 418 338 458 audivit,
359 418 479 463 Pyrrhi
496 418 671 463 superbam
690 419 947 453 dominationem
966 420 1252 465 miserabilemque

200 469 460 503 Tarentinorum
489 469 686 504 servitutem
714 470 867 516 exempla
895 471 1051 512 referens,
1078 471 1186 515 primo
1210 483 1252 506 ne

201 520 406 565 reciperetur
430 520 619 566 praesidium
636 521 744 566 palam
763 522 965 556 vociferatus
984 525 1045 563 est,
1065 522 1192 563 deinde,
1214 525 1252 557 ut

201 575 372 616 receptum
402 574 461 605 aut
488 572 666 617 ejiceretur
692 575 761 613 aut,
789 573 816 607 si
845 572 967 607 malum
997 572 1135 614 facinus,
1164 572 1252 618 quod

201 634 221 656 a
238 622 476 657 vetustissimis
494 623 591 657 sociis
609 623 931 669 consanguineisque
948 623 1158 663 defecissent,
1172 624 1252 658 forti

201 685 240 708 ac
268 673 474 708 memorabili
503 674 648 709 facinore
674 687 819 720 purgare
844 675 978 717 vellent,
1007 678 1046 709 ut
1075 675 1252 710 interfecto

170 729 187 757 5
202 725 331 760 Punico
356 724 510 770 praesidio
535 726 753 760 restituerent
780 727 937 760 Romanis
964 738 1008 760 se.
1059 726 1252 761 Haec-nec

202 776 289 810 enini
307 776 439 810 occulta
452 775 787 822 agebantur—quum
805 777 909 811 relata
927 777 1110 812 Hannibali
1129 781 1250 819 essent,

202 827 309 873 primo
338 827 427 862 misit
457 828 514 873 qui
541 833 697 862 vocarent
724 828 876 870 Magium
906 828 946 863 ad
975 841 1045 863 sese
1073 829 1105 863 in
1133 832 1252 871 castra,

203 878 331 919 deinde,
352 891 454 924 quum
472 878 499 913 is
522 878 677 913 ferociter
694 885 849 925 negasset
868 892 902 914 se
924 880 1060 921 iturum,
1078 892 1139 914 nec
1162 881 1251 914 enim

202 929 384 964 Hannibali
406 929 461 975 jus
484 942 557 964 esse
580 930 614 964 in
636 930 741 965 civem
763 932 977 976 Campanum,
996 931 1182 966 concitatus
1204 931 1253 965 ira

202 980 326 1015 Poenus
356 980 591 1026 comprehendi
616 981 784 1016 hominem
813 983 1029 1027 vinctumque
1055 982 1186 1016 adtrahi
1212 982 1252 1016 ad

203 1044 275 1067 sese
288 1032 393 1077 jussit
410 1045 416 1066 :
443 1032 569 1066 veritus
588 1031 716 1074 deinde,
735 1045 776 1067 ne
794 1033 873 1079 quid
891 1033 978 1067 inter
997 1033 1059 1067 vim
1086 1033 1252 1067 tumultus

203 1086 303 1129 atque
329 1096 370 1117 cx
396 1083 619 1118 concitatione
644 1084 829 1118 animorum
855 1084 1034 1119 inconsulti
1063 1084 1253 1119 certaminis

202 1138 364 1177 oreretur,
394 1134 477 1179 ipse,
507 1134 677 1179 praemisso
706 1135 824 1170 nuntio
858 1135 898 1170 ad
927 1135 1073 1170 Marium
1103 1135 1253 1170 Blosium

202 1190 378 1231 praetorem
405 1185 610 1230 Campanum
638 1189 772 1231 postero
798 1186 850 1221 die
876 1199 910 1221 se
937 1186 1061 1231 Capuae
1088 1187 1251 1227 futurum,

171 1237 426 1283 6proficiscitur
452 1249 470 1271 e
499 1237 618 1271 castris
646 1249 721 1272 cum
751 1237 881 1272 modico
910 1237 1074 1283 praesidio.
1123 1238 1254 1272 Marius

203 1289 360 1323 concione
379 1288 539 1322 advocata
557 1288 658 1323 edicit
679 1292 718 1323 ut
741 1289 932 1334 frequentes
956 1301 1031 1324 cum
1055 1289 1254 1335 conjugibus

170 1348 187 1380 7
203 1352 241 1374 ac
258 1339 370 1374 liberis
389 1339 519 1374 obviam
537 1339 624 1373 irent
642 1339 834 1375 Hannibali.
885 1340 938 1375 Ab
956 1340 1120 1375 universis
1138 1341 1171 1375 id
1188 1353 1255 1375 non

203 1390 396 1425 obedienter
415 1390 511 1424 modo
529 1390 587 1424 sed
605 1391 711 1433 enixe,
730 1392 842 1426 favore
865 1391 964 1425 etiam
983 1392 1074 1436 vulgi
1092 1398 1125 1426 et
1143 1391 1255 1426 studio

202 1442 331 1477 visendi
361 1445 413 1477 tot
433 1444 505 1487 jani
530 1443 678 1477 victoriis
704 1443 829 1477 clarum
859 1443 1102 1488 imperatorem,
1128 1443 1254 1478 sactum

203 1501 264 1528 est.
315 1494 439 1528 Decius
465 1493 599 1538 Magius
618 1506 679 1528 nec
700 1494 829 1528 obviam
852 1506 1007 1539 egressus
1025 1498 1076 1529 est
1100 1507 1169 1536 nec,
1190 1507 1254 1540 quo

203 1545 355 1580 timorem
380 1545 521 1589 aliquem
545 1557 585 1578 ex
611 1545 814 1580 conscientia
838 1546 1025 1589 significare
1051 1548 1173 1590 posset,
1192 1546 1255 1590 pri-

204 1596 306 1631 vatim
325 1609 360 1630 se
383 1596 513 1630 tenuit:
541 1596 574 1630 in
597 1596 666 1630 soro
687 1608 762 1631 cuni
784 1597 851 1631 filio
874 1597 1116 1642 clientibusque
1140 1597 1254 1641 paucis

204 1648 310 1682 otiose
328 1647 545 1681 inambulavit
568 1647 758 1692 trepidante
779 1651 853 1682 tota
875 1648 1011 1682 civitate
1029 1648 1070 1682 ad
1087 1648 1255 1693 excipien-

172 1705 190 1733 8
205 1699 283 1733 dum
302 1699 442 1734 Poenum
462 1698 711 1744 visendumque.
761 1699 933 1734 Hannibal
951 1700 1120 1745 ingressus
1139 1699 1253 1733 urbem

204 1753 357 1785 senatum
386 1749 555 1794 extemplo
585 1750 744 1794 postulat,
774 1751 1054 1796 precantibusque
1083 1750 1159 1785 inde
1188 1750 1251 1796 pri·
