1298 1921
393 40 482 71 LIB.
506 39 621 71 XXII.
646 40 697 78 60,
714 40 765 70 61.
1043 40 1102 70 135

54 81 372 160 tingrgniiqurent,
399 114 655 150 necessitatibus
683 113 790 157 magis
818 113 973 148 humanis
1002 125 1103 159 quam

52 166 151 201 armis
182 166 264 202 vieti
295 169 439 201 sunt—:
467 169 542 200 orto
576 165 643 200 sole
668 164 709 200 ab
735 158 887 199 hostibus
913 164 953 199 ad
979 164 1102 200 vallum

52 229 231 261 accessum,
248 222 326 252 ante
349 217 529 252 secundun
553 217 667 251 horam
692 215 817 250 nullam
837 215 1008 250 fortunam
1033 227 1108 250 cer-

50 268 184 303 taminis
217 268 348 314 experti
380 267 591 303 tradiderunt
624 279 716 302 arma
747 279 785 302 ac
817 279 852 302 se
885 267 996 312 ipsos:
1031 266 1101 302 haec

50 319 144 354 vobis
166 320 317 365 ipsorum
340 331 399 364 per
420 318 560 354 biduum
584 319 703 353 militia
719 318 794 353 fuit.
845 319 953 360 Quum
980 318 1014 352 in
1031 318 1100 353 acie
1114 324 1151 355 16

50 372 138 405 stare
164 382 201 405 ac
226 382 376 417 pugnare
401 370 568 412 decuerat,
592 373 666 404 tum
690 370 724 404 in
747 372 857 404 castra
879 369 1099 414 refugerunt:

51 434 152 467 quum
179 433 239 467 pro
272 421 358 456 vallo
385 421 603 467 pugnandum
637 424 718 462 er‚at
749 424 858 456 castra
888 420 1100 455 tradiderunt

49 485 157 518 neque
168 473 203 507 in
220 472 289 507 acio
305 484 414 518 neque
430 473 465 507 in
483 472 601 507 castris
618 472 727 506 utiles
778 472 822 506 Et
837 484 895 506 vos
913 471 1098 507 redimam?
1113 476 1147 509 17

50 536 153 569 quum
170 536 342 569 erumpere
362 524 479 558 castris
497 527 641 569 oportet,
661 524 864 558 cunctamini
881 535 918 558 ac
936 523 1097 558 manetis:

51 588 153 620 quum
170 587 303 610 manere
322 578 433 609 eastra
455 574 560 609 tutari
578 574 677 608 armis
702 587 837 622 neccsse
854 577 915 618 est,
933 577 967 609 et
990 578 1100 609 eastra

50 629 84 660 ct
117 638 207 660 arma
231 629 264 660 et
290 638 349 660 vos
379 625 469 671 ipsos
494 625 627 660 traditis
652 625 751 660 hosti.
800 625 874 671 Ego
899 638 966 660 non
993 626 1097 670 magis
1111 630 1148 659 18

50 677 132 711 istos
155 676 377 718 redimendos,
401 679 513 722 patres
539 676 730 722 conscripti,
755 689 883 719 censeo,
907 689 1004 723 quam
1024 677 1098 712 illos

49 727 216 763 dedendos
246 728 439 769 Hannibali,
471 728 528 773 qui
554 740 613 773 per
638 728 763 762 medios
792 729 905 763 hostes
934 741 952 763 e
979 728 1097 763 castris

41 781 230 824 'eruperunt
263 791 301 814 ae
331 791 390 824 per
416 791 576 813 summam
607 779 765 814 virtutem
793 792 829 814 se
857 780 973 825 patriae
1000 780 1096 815 resti-

48 831 222 864 tuerunt.''
252 830 434 876 Postquam
458 830 606 865 Manlius
629 830 723 873 dixit,
741 843 941 876 quamquam
963 834 1179 879 patrum(61)

49 893 180 927 quoque
196 881 371 926 plerosque
385 881 507 926 captivi
520 882 718 925 cognatione
735 881 963 927 adtingebant‚
975 885 1097 927 praeter

49 932 241 977 exemplum
258 932 406 967 civitatis
419 932 553 967 minime
570 933 604 967 in
621 933 769 978 captivos
781 935 853 978 jam
865 933 942 968 inde
955 934 1097 979 antiqui-

48 986 104 1017 tus
120 983 334 1028 indulgentis,
356 983 504 1028 pecuniae
523 995 653 1029 quoque
671 996 799 1019 summa
814 985 964 1020 homines
980 985 1094 1027 movit,

49 1046 115 1080 qua
130 1046 191 1069 nec
208 1034 361 1069 aerarium
376 1034 721 1081 exhaurire—magna
733 1036 801 1081 jam
815 1048 943 1071 summa
959 1040 1097 1082 erogata

47 1085 82 1119 in
99 1097 210 1120 servos
227 1085 267 1120 ad
285 1085 438 1120 militiam
456 1085 611 1120 emendos
629 1086 980 1133 armandosque—nec
1001 1089 1096 1122 Han-

47 1135 189 1171 nibalem
205 1136 351 1171 maxime
374 1137 515 1182 hujusce
532 1137 590 1180 rei,
607 1141 646 1172 ut
668 1138 757 1172 sama
778 1142 859 1181 erat,
877 1142 1031 1184 egentem
1048 1139 1096 1173 lo-

47 1187 210 1232 cupletari
224 1187 389 1223 volebant.
430 1188 545 1225 Quum
558 1189 655 1224 triste
672 1201 876 1235 responsum,
895 1202 962 1225 non
978 1190 1095 1225 redimi
1106 1200 1125 1230 2

47 1240 204 1285 captiv03‚
222 1239 391 1274 redditum
408 1243 499 1275 esset
516 1253 688 1287 novusque
705 1254 805 1288 super
821 1245 966 1277 veterem
985 1242 1095 1277 luctus

45 1293 98 1325 tot
118 1291 258 1339 jactura·
273 1291 397 1326 civium
417 1291 568 1336 adjectus
592 1297 689 1335 esset,
712 1305 786 1328 cum
810 1294 939 1339 magnis
961 1293 1095 1329 fletibus

47 1342 218 1388 questibus
236 1342 364 1388 legatos
384 1341 421 1377 ad
441 1346 573 1387 portam
590 1345 786 1390 prosequuti
803 1348 891 1380 sunt.
940 1345 1038 1380 Unus
1052 1354 1124 1384 ex3

45 1394 85 1428 iis
99 1393 232 1428 domum
245 1394 336 1436 abiit,
350 1393 439 1440 quod
454 1394 560 1429 fallaci
572 1395 681 1430 reditu
700 1396 734 1430 in
747 1399 856 1431 castra
865 1397 941 1442 jure
949 1397 1095 1441 jurando

45 1457 80 1480 se
105 1445 316 1480 exsolvisset.
367 1445 467 1483 Quod
492 1445 548 1481 ubi
574 1446 721 1482 innotuit
745 1447 953 1493 relatumque
978 1448 1020 1483 ad
1045 1461 1125 1492 se-4.

44 1499 162 1530 natum
179 1499 241 1539 est,
259 1508 372 1531 omnes
393 1500 595 1531 censuerunt
613 1498 957 1544 comprehendendum
971 1502 1005 1534 et
1022 1512 1094 1534 cus-

43 1547 178 1582 todibus
196 1547 326 1593 publice
347 1547 433 1582 datis
452 1547 684 1583 deducendum
702 1550 743 1584 ad
759 1550 983 1585 Hannibalem
1001 1563 1082 1586 esse.

90 1599 154 1633 Est
171 1603 205 1634 et
223 1598 286 1633 alia
303 1598 343 1633 de
368 1599 509 1643 captivis
526 1599 614 1634 fama
628 1615 635 1635 :
664 1600 777 1636 decem
794 1602 917 1647 primos
941 1602 1071 1637 venisse
1084 1619 1091 1637 ι
1104 1610 1123 1639 5

44 1649 85 1685 de
110 1651 157 1685 eis
183 1663 285 1696 quum
308 1649 499 1685 dubitatum
519 1651 554 1685 in
577 1655 696 1687 senatu
718 1656 817 1696 esset,
835 1653 1093 1689 admitterentur

43 1701 79 1736 in
94 1701 213 1736 urbem
229 1713 342 1743 necne,
359 1701 408 1736 ita
429 1701 590 1737 admissos
608 1715 680 1738 esse
701 1716 743 1739 ne
765 1707 877 1739 tamen
893 1705 933 1740 iis
959 1709 1093 1740 senatus

45 1752 181 1788 daretur
195 1768 207 1788 ε.
236 1753 444 1788 morantibus
464 1752 582 1789 deinde
607 1754 738 1801 longius
760 1756 908 1791 omnium
932 1769 990 1802 spe
1013 1756 1095 1791 alios
