1298 1921
162 38 222 68 184
413 37 449 67 T.
474 37 593 66 LIVII
619 36 950 67 HISTORIARUM
1047 80 1081 110 [A
1107 80 1126 103 C
1150 79 1196 104 015

132 112 279 146 4rimum
294 111 394 146 simul
411 111 520 157 ignem
539 112 762 158 conjecerunt.
812 112 890 150 Quo
908 111 1059 146 incendio
1077 112 1206 157 trepida

160 167 363 197 armatorum
381 163 561 198 multitudo
580 177 682 209 quum
706 163 746 198 de
763 167 856 198 turre
879 176 951 198 sese
969 163 1205 208 praecipitaret,

160 214 293 258 eruptio
318 227 362 249 cx
386 215 508 260 oppido
534 215 633 250 simul
658 215 787 250 duabus
812 216 917 260 portis
944 215 1106 249 stationes
1130 215 1207 249 hos-

159 266 245 300 tium
262 265 351 300 fudit
369 266 564 312 fugavitque
582 267 615 300 in
636 270 754 308 eastra,
774 269 812 300 ut
830 279 868 301 eo
886 266 938 301 die
956 266 1091 301 obsesso
1109 278 1207 311 quam

131 322 148 351 5
160 316 327 352 obsidenti
344 317 482 352 similior
499 321 586 352 esset
605 318 739 352 Poenus.
788 317 843 352 Ad
862 317 950 352 mille
967 318 1111 352 trecenti
1129 317 1207 352 Car-

159 369 421 414 thaginiensium
453 369 530 404 caesi
562 375 596 404 et
625 369 891 414 undesexaginta
922 369 990 403 vivi
1018 369 1116 413 eapti,
1149 369 1207 414 qui

159 420 248 454 circa
280 432 392 454 muros
422 423 456 455 et
485 420 519 454 in
552 420 752 455 stationibus
786 420 894 455 solute
928 432 966 455 ac
998 420 1208 466 negligenter

160 474 310 516 agentes,
335 484 438 516 quum
466 471 549 505 nihil
578 472 686 506 minus
716 484 813 517 quam
841 471 1048 516 eruptionem
1078 472 1208 506 timuis—

130 523 148 553 6
161 525 245 565 sent,
263 535 307 557 ex
325 522 504 567 improviso
530 523 681 567 oppressi
706 522 849 557 fuerant.
901 522 1083 565 Gracchus,
1100 523 1208 566 prius-

161 586 257 618 quam
277 585 312 608 se
330 573 443 608 hostes
457 573 497 608 ab
512 574 686 619 repentino
700 586 820 619 pavore
838 573 1042 619 colligerent,
1058 573 1209 618 receptui

130 625 292 669 7signum
326 624 418 659 dedit
447 637 484 659 ae
514 637 592 659 suos
621 625 710 659 intra
739 637 851 659 muros
880 625 1017 669 recepit.
1066 625 1208 659 Postero

160 675 212 710 die
230 675 410 717 Hannibal,
429 675 543 711 laetum
561 675 706 710 secunda
729 688 764 710 re
787 675 957 711 consulem
977 676 1071 721 justo
1089 675 1208 721 proelio

159 730 253 761 ratus
279 730 496 769 certaturum,
520 727 624 762 aciem
649 728 738 762 intra
760 730 870 762 eastra
894 730 995 772 atque
1018 727 1134 761 urbem
1158 727 1209 761 in-

160 777 307 812 struxit:
335 782 502 819 eaeterum,
521 782 700 824 postquam
725 779 889 813 neminem
908 778 1032 813 moveri
1050 778 1090 813 ab
1109 778 1209 813 solita

161 829 313 864 custodia
330 829 421 864 urbis
444 829 527 865 vidit
552 842 613 864 nee
636 829 800 864 committi
824 829 999 875 quiequam
1023 829 1208 864 temerarias

131 884 150 913 8
162 881 242 925 spei,
261 880 302 915 ad
319 881 430 915 Tifata
454 880 540 915 redit
557 880 682 915 infecta
703 893 750 915 re.
800 880 932 918 Quibus
958 880 1075 915 diebus
1094 881 1208 915 Cumae

161 931 308 967 liberatae
325 935 404 967 sunt
422 932 602 973 obsidione,
622 931 738 967 iisdem
763 930 879 966 diebus
897 934 931 966 et
953 932 987 966 in
1005 932 1150 966 Lucanis
1168 931 1210 966 ad

162 983 385 1018 Grumentum
399 983 470 1018 Tib.
487 983 712 1028 Sempronius,
724 983 777 1018 cui
791 983 910 1028 Longo
928 995 1112 1028 cognomen
1125 988 1207 1024 erat,

160 1046 235 1069 eum
256 1035 424 1069 Hannone
442 1035 545 1069 Poeno
563 1046 722 1078 prospere
736 1037 883 1080 pugnat:
911 1046 1014 1078 supra
1026 1033 1092 1068 duo
1109 1033 1210 1068 millia

160 1086 330 1120 hominum
356 1085 476 1120 occidit
501 1089 535 1120 et
561 1085 721 1120 ducentos
747 1085 919 1131 octoginta
943 1085 1064 1119 milites
1087 1085 1207 1126 amisit,

130 1137 256 1182 9sigua
293 1137 449 1171 militaria
481 1136 523 1171 ad
556 1136 777 1182 quadraginta
801 1149 905 1170 unum
937 1136 1036 1181 eepIt.
1086 1136 1209 1171 Pulsus

160 1188 280 1223 sinibus
305 1188 452 1223 Lucanis
474 1188 599 1223 Hanno
624 1192 714 1222 retro
737 1188 772 1222 in
798 1187 952 1222 Bruttios
978 1200 1049 1222 sese
1072 1188 1207 1232 recepit.

112 1245 148 1274 10
160 1240 205 1273 Et
238 1252 281 1274 ex
310 1239 466 1284 Hirpinis
495 1239 619 1284 oppida
651 1239 725 1280 tria,
756 1251 829 1284 quae
862 1251 882 1273 a
909 1238 1032 1284 populo
1057 1238 1209 1272 Romano

159 1290 360 1332 defecerant,
380 1291 413 1324 vi
430 1294 565 1336 recepta
582 1302 640 1335 per
662 1290 712 1324 M.
731 1289 900 1324 Valerium
920 1293 1106 1335 praetorem,
1127 1290 1210 1324 Ver-

159 1341 291 1376 cellium
320 1341 523 1376 Vescellium
553 1341 735 1383 Siciliuum,
764 1343 798 1375 et
831 1344 984 1375 auctores
1013 1340 1208 1375 defectionis

160 1393 269 1427 securi
294 1393 460 1438 percussi:
491 1405 593 1438 supra
618 1393 763 1438 quinque
788 1392 890 1426 millia
913 1392 1121 1437 captivorum
1146 1392 1208 1427 sub

160 1445 257 1479 hasta
274 1445 461 1485 venierunt,
480 1444 591 1490 praeda
608 1444 671 1479 alia
687 1444 785 1478 militi
802 1456 960 1479 concessa
976 1444 1208 1490 exercitusque

162 1496 343 1530 Nuceriam
361 1496 531 1531 reduetus.

70 1541 153 1584 (38)
209 1547 299 1582 Dum
329 1547 398 1582 haec
427 1547 461 1581 in
487 1547 633 1582 Lucanis
662 1549 762 1591 atque
790 1546 824 1581 in
851 1546 1005 1591 Hirpinis
1034 1550 1208 1591 geruntur,

163 1598 308 1644 quinque
326 1611 437 1637 naves,
452 1611 524 1644 qua]
541 1597 765 1632 Maeedonum
779 1601 879 1643 atque
897 1598 1074 1632 Poenorum
1093 1600 1210 1641 captos

160 1649 289 1694 legatos
311 1650 452 1684 Romam
478 1649 669 1694 portabant,
689 1649 729 1683 ab
751 1661 871 1693 supero
895 1648 979 1683 mari
1003 1647 1045 1682 ad
1066 1648 1210 1682 inferum

160 1701 391 1736 circumveetae
420 1713 525 1745 prope
549 1713 679 1735 omnem
706 1700 813 1734 Italiae
838 1712 939 1742 oram,
963 1712 1064 1743 quum
1090 1702 1211 1744 praeter

161 1752 284 1787 Cumas
298 1752 378 1787 velis
392 1752 560 1787 ferrentur
574 1764 681 1797 neque
698 1751 845 1786 hostium
860 1763 902 1785 an
919 1751 1083 1786 sociorum
1098 1754 1210 1785 essent

1285 276 1297 298 Ξ

1285 315 1298 452 ἴξιὲν-νῇ

1285 469 1298 656 5952Ὦῖ

1291 738 1298 811 ,-..»-ι
1286 687 1298 708 ‘fl
