1298 1921
387 20 476 52 LIB.
500 20 596 51 XXI.
620 22 672 57 40,
689 21 738 50 41.
1052 23 1092 53 41

41 60 356 141 giigffci'gelinarem
378 98 555 139 certamen,
573 95 773 141 improvisus
798 93 953 129 incidisse
974 93 1088 128 videor

39 158 82 181 an
97 158 270 181 occurrere
282 146 317 180 in
330 146 482 192 vestigiis
499 149 582 191 ejus,
597 146 759 181 lacessere
776 157 814 180 ac
830 145 962 180 trahere
975 144 1017 179 ad
1033 144 1088 180 de-

38 196 264 232 cernendum?
290 197 434 241 experiri
447 197 555 243 juvat,
568 200 683 231 utrum
702 196 782 230 alios
799 199 936 241 repente
950 195 1088 230 Cartha-

37 248 205 294 ginienses
222 260 282 294 per
305 248 426 294 viginti
443 261 546 283 annos
564 252 655 284 terra
671 247 812 283 ediderit
830 260 871 282 an
888 246 988 282 iidem
1007 247 1085 289 sint,

38 299 95 345 qui
116 299 158 334 ad
181 299 322 345 AEgates
346 300 571 346 pugnaverint
595 299 721 334 insulas
746 302 780 334 et
806 311 888 344 quos
913 298 955 333 ab
979 298 1088 344 Eryce

37 349 271 385 duodevicenis
304 350 447 386 denariis
480 352 663 386 aestimatos
696 350 874 385 emisistis:
905 352 939 384 et
970 353 1088 384 utrum

37 401 208 436 Hannibal
239 401 294 437 hic
322 402 366 437 sit
395 402 533 437 aemulus
561 403 720 437 itinerum
748 400 917 442 Herculis,
948 403 987 435 ut
1015 401 1087 446 ipse

36 452 113 495 sert,
143 465 186 487 an
213 453 386 499 vectigalis
419 453 725 499 stipendiariusque
758 455 792 487 et
825 464 941 487 servus
973 452 1087 498 populi

36 503 180 539 Romani
197 516 216 538 a
233 508 327 550 patre
344 505 501 540 relictus:
530 517 627 551 quem
650 503 714 539 nisi
733 504 956 550 Saguntinum
979 503 1087 538 scelus

36 554 189 600 agitaret,
218 556 398 601 respiceret
431 556 588 602 profecto,
619 556 648 591 si
679 568 747 590 non
779 555 920 600 patriam
952 555 1085 596 victam,

36 605 170 641 domum
195 610 286 641 certe
311 612 507 653 patremque
532 610 566 642 et
590 607 714 642 foedera
737 606 937 641 Hamilcaris
963 606 1089 651 scripta

37 670 144 698 manu,
163 658 220 703 qui
232 658 346 703 jussus
373 658 413 694 ab
437 659 574 694 consule
594 662 710 694 nostro
728 657 920 703 praesidium
944 657 1087 692 deduxit

35 708 76 744 ab
93 710 210 755 Eryce,
230 710 286 755 qui
302 722 420 756 graves
438 711 610 756 impositas
634 710 731 745 victis
750 709 1087 755 Carthaginiensibus

34 760 124 806 leges
150 760 293 795 fremens
319 774 525 807 maerensque
548 762 688 807 accepit,
706 761 763 807 qui
785 760 950 796 decedens
974 759 1088 795 Sicilia

34 811 236 857 stipendium
261 813 384 858 populo
410 813 562 848 Romano
593 812 672 848 dare
700 815 819 858 pactus
852 816 915 847 est.
964 811 1118 857 Itaque3

34 875 92 897 vos
121 875 193 909 ego,
224 863 356 905 milites,
387 876 455 899 non
483 877 522 899 eo
551 864 658 899 solum
687 864 796 898 animo
830 875 896 909 quo
926 862 1086 897 adversus

34 914 114 949 alios
131 914 245 949 hostes
262 914 376 950 soletis
395 928 544 961 pugnare
562 915 669 957 velim,
688 914 747 950 sed
764 927 839 950 cum
856 914 1086 960 indignatione

33 965 175 1012 quadam
192 969 293 1011 atque
314 966 373 1010 ira,
391 967 483 1001 velut
501 969 529 1002 si
550 978 663 1002 servos
684 966 824 1001 videatis
847 969 976 1001 vestros
994 977 1087 1000 arma

33 1020 170 1062 repente
187 1021 304 1052 contra
321 1030 378 1052 vos
396 1017 553 1053 ferentes.
602 1018 717 1053 Licuit
734 1017 775 1052 ad
795 1017 937 1063 Erycem
955 1016 1084 1052 clausos
1098 1021 1119 1051 4

32 1067 150 1102 ultimo
184 1068 349 1113 supplicio
382 1069 601 1104 humanorum
638 1069 725 1104 fame
757 1069 958 1110 interficere,
989 1067 1086 1102 licuit

33 1118 203 1154 victricem
214 1119 354 1154 classem
368 1120 403 1154 in
415 1121 563 1155 Africam
577 1121 730 1166 trajicere
744 1123 845 1166 atque
858 1120 948 1154 intra
961 1131 1086 1165 paucos

34 1170 104 1205 dies
121 1170 192 1205 sine
209 1170 276 1205 ullo
294 1171 474 1206 certamine
486 1172 723 1218 Carthaginem
741 1171 929 1206 delere—z
955 1170 1086 1205 veniam

33 1221 184 1256 dedimus
199 1222 423 1266 precantibus,
439 1223 609 1258 emisimus
622 1235 664 1258 ex
681 1223 862 1265 obsidione,
877 1234 991 1267 pacem
1008 1233 1086 1256 cum

32 1272 130 1307 victis
156 1272 305 1314 fecimus,
333 1274 449 1309 tutelae
476 1274 596 1309 deinde
628 1277 751 1309 nostrae
785 1273 954 1316 duximus,
981 1285 1085 1319 quum

33 1323 148 1358 Africo
165 1323 251 1359 bello
267 1328 469 1370 urgerentur
484 1346 531 1351 -—
545 1341 551 1360 ε
579 1338 638 1371 pro
655 1325 706 1360 his
724 1325 904 1370 impertitis
921 1324 1085 1359 furiosum

29 1376 189 1419 juvenem
217 1381 395 1421 sequentes
423 1380 653 1422 oppugnatum
683 1377 825 1423 patriam
853 1379 1000 1412 nostram
1029 1389 1086 1411 ve-

33 1426 142 1461 niunt.
189 1427 304 1472 Atque
333 1428 461 1462 utinam
489 1440 550 1473 pro
579 1428 698 1463 decore
729 1432 862 1463 tantum
895 1429 958 1463 hoc
990 1427 1117 1463 vobis5

33 1480 67 1511 et
84 1489 151 1511 non
175 1490 236 1523 pro
262 1478 370 1513 salute
395 1482 484 1514 esset
507 1480 694 1514 certamen!
722 1492 790 1514 non
814 1479 854 1514 de
875 1479 1085 1525 possessione

34 1528 153 1563 Siciliae
179 1540 217 1563 ac
242 1529 410 1572 Sardiniae,
429 1529 469 1564 de
495 1530 616 1576 quibus
639 1530 804 1576 quondam
829 1531 1003 1575 agebatur,
1026 1529 1086 1566 sed

32 1591 92 1624 pro
111 1579 210 1614 Italia
226 1579 319 1615 vobis
337 1585 389 1615 est
407 1581 643 1627 pugnandum:
669 1594 730 1617 nec
747 1584 798 1617 est
821 1582 905 1617 alius
923 1582 963 1617 ab
987 1587 1086 1626 tergo

32 1630 210 1674 exercitus,
244 1631 310 1676 qui,
339 1632 404 1667 nisi
432 1644 492 1667 nos
520 1633 693 1675 vincimus,
724 1633 814 1668 hosti
843 1633 994 1675 obsistat,
1023 1644 1085 1668 nec

32 1681 135 1727 Alpes
164 1682 235 1716 aliae
259 1685 350 1726 sunt,
375 1695 456 1729 quas
482 1683 559 1718 dum
587 1688 757 1729 superant,
786 1685 970 1730 comparari
999 1696 1088 1720 nova

32 1733 162 1778 possint
193 1733 357 1780 praesidia.
406 1735 475 1770 Hic
507 1740 560 1770 est
588 1735 800 1780 obstandum,
829 1736 962 1778 milites,
993 1737 1119 1772 velut6
