1298 1921
142 72 204 102 256
397 70 433 99 T.
452 69 569 99 LIVII
597 69 928 101 HISTORIARUM

1042 114 1073 136 A.
1091 113 1117 137 C.
1133 111 1188 136 213.

143 144 301 191 oppidum
335 145 495 179 Atrinum
529 147 779 190 expugnatum:
822 145 962 190 amplius
995 111 1055 179 seh<
1089 145 1190 179 millia

144 197 314 231 hominum
337 200 436 240 capta
460 199 494 230 et
521 196 593 230 aeris
619 196 815 241 argentique
834 196 956 241 signati
974 196 1190 241 aliquantum.

95 250 132 279 13
145 248 262 282 Romae
279 247 401 282 foedum
416 246 606 281 incendium
624 259 682 303 per
700 247 781 281 duas
798 251 913 282 noctes
928 259 964 282 ae
982 247 1066 282 diem
1086 260 1189 281 unum

144 300 275 334 tenuit:
306 298 375 333 solo
408 300 539 343 aequata
571 298 682 332 omnia
714 297 802 332 inter
832 298 959 332 Salinas
992 310 1029 333 ac
1057 303 1190 342 portam

146 349 391 384 Carmentalem
424 361 500 383 cum
532 349 743 394 AEquimaelio
776 349 984 394 Jugarioque
1019 350 1113 384 vico:
1156 350 1190 383 in

143 401 278 447 templis
295 401 360 435 1⁴01
363 404 453 435 tun‘e
466 412 504 435 ac
517 400 632 434 matris
650 400 794 434 Matutae
808 404 841 435 et
856 401 932 444 Spei
949 405 1044 435 extra
1061 404 1190 446 portam

145 452 212 487 late
229 454 370 496 vagatus
388 451 474 497 ignis
493 463 585 486 saera
601 451 806 496 profanaque
823 451 929 485 multa
945 451 1140 496 absumpsit.

53 503 136 552 (48)
192 503 318 538 Eodem
348 515 432 537 anno
459 503 495 538 P.
515 505 548 537 et
575 503 635 537 Cn.
655 503 809 544 Cornelii,
837 515 939 548 quum
966 504 1000 537 in
1028 503 1191 548 Hispania

145 567 198 589 res
227 567 394 600 prosperat
421 557 532 589 essent
559 554 748 600 multosque
776 557 808 589 et
842 558 972 589 veteres
1005 554 1190 599 reciperent

146 606 252 640 socios
282 609 315 640 et
342 618 445 641 novos
473 605 664 651 adjicerent,
695 607 729 640 in
756 606 904 640 Africam
933 618 1065 651 quoque
1098 618 1189 650 spem

116 657 379 695 2extenderunt.
452 657 585 703 Syphax
619 661 689 692 erat
722 670 781 692 rex
814 657 1044 699 Numidarum,
1078 657 1190 691 subito

146 708 478 754 Carthaginiensibus
511 709 616 743 hostis
644 709 772 744 factus:
804 709 845 744 ad
873 722 948 743 eum
979 709 1190 744 centuriones

143 763 214 794 tres
239 759 367 805 legatos
393 760 565 800 miserunt,
593 760 649 805 qui
674 772 749 795 cum
775 773 814 795 eo
839 761 1018 795 amicitiam
1052 761 1191 795 societa-

143 814 278 856 temque
295 810 442 845 facerent
460 815 493 845 et
511 811 758 856 pollicerentur,
779 812 805 846 si
824 817 1050 857 perseveraret
1070 824 1189 855 urgere

144 862 231 897 bello
262 862 565 907 Carthaginienses,
593 866 722 908 gratam
755 875 827 898 eam
861 876 929 897 rein
959 863 1030 897 sore
1059 863 1189 897 senatui

144 913 334 959 populoque
351 914 513 957 Romano,
532 917 565 949 et
584 914 757 949 adnisuros
780 917 817 949 ut
838 915 872 949 in
889 918 1037 960 tempore
1055 918 1089 949 et
1106 914 1189 949 bene

115 975 132 1007 3
144 966 348 1000 cumulatam
366 965 510 1011 gratiam
527 965 684 1000 referant.
736 967 839 1000 Grata
855 978 893 1000 ea
910 966 1033 1011 legatio
1049 965 1189 1000 barbaro

144 1016 218 1058 fuit,
249 1016 528 1062 colloquutusque
557 1029 632 1051 eum
660 1017 779 1063 legatis
807 1017 847 1052 de
874 1018 1001 1052 ratione
1030 1016 1106 1051 belli
1134 1029 1190 1062 ge-

143 1067 252 1109 rundi,
279 1074 317 1102 ut
342 1070 494 1102 veterum
519 1068 660 1102 militum
687 1068 787 1103 verba
811 1068 949 1110 audivit,
977 1081 1075 1114 quam
1107 1068 1189 1102 mul-

143 1122 253 1154 tarum
276 1131 386 1153 rerum
409 1119 480 1164 ipse
502 1119 638 1164 ignarus
664 1123 762 1161 esset,
783 1132 824 1154 ex
850 1120 1096 1165 comparatione
1122 1123 1190 1154 tam

113 1180 133 1210 4
145 1170 305 1205 ordinatae
323 1170 505 1214 disciplima
523 1170 668 1205 animum
686 1171 841 1206 advertit.
890 1171 974 1205 Tum
992 1171 1134 1216 primum
1154 1174 1190 1205 ut

144 1234 204 1266 pro
233 1221 328 1256 bonis
358 1234 396 1256 ac
422 1222 575 1256 fidelibus
603 1223 700 1257 sociis
729 1223 876 1257 facerent
904 1223 1021 1264 oravit,
1051 1226 1090 1256 ut
1123 1222 1190 1256 duo

144 1273 344 1319 legationem
372 1273 536 1308 referrent
566 1274 607 1308 ad
636 1274 852 1319 imperatores
878 1286 966 1315 suos,
991 1286 1078 1308 unus
1104 1273 1191 1318 apud

143 1336 216 1359 sese
238 1325 398 1370 magister
423 1325 469 1359 rei
491 1324 641 1360 militaris
671 1325 894 1360 retineretur:
921 1325 1037 1360 rudem
1066 1324 1107 1359 ad
1136 1337 1192 1370 pe-

144 1375 272 1410 destria
300 1376 385 1411 bella
413 1376 637 1411 Numidarum
663 1380 799 1422 gentem
826 1389 908 1418 esse,
937 1377 1030 1422 equis
1059 1379 1190 1410 tantum

144 1427 287 1463 habilem
303 1444 309 1463 ι
336 1428 385 1462 ita
397 1431 467 1473 jam
486 1428 562 1463 inde
589 1441 607 1463 a
631 1429 803 1474 principiis
827 1429 937 1474 gentis
956 1431 1095 1473 majores
1114 1441 1191 1463 suos

115 1479 231 1518 5bella
257 1480 412 1525 gessisse,
442 1480 490 1515 ita
518 1492 553 1514 se
580 1492 599 1514 a
626 1481 736 1525 pueris
764 1480 923 1515 insuetos.
975 1479 1039 1514 Sed
1072 1479 1192 1514 habere

145 1531 275 1565 hostem
299 1530 447 1576 pedestri
473 1531 629 1565 fidentem
655 1531 777 1573 Marte,
801 1532 854 1566 cui
878 1532 906 1566 si
931 1531 1054 1577 aequari
1074 1531 1192 1565 robore

116 1582 264 1619 6virium
286 1582 377 1623 velit,
401 1586 434 1617 ct
456 1583 518 1617 sibi
542 1582 672 1628 pedites
693 1583 932 1628 comparandos
957 1595 1039 1617 esse.
1088 1583 1133 1617 Et
1151 1582 1193 1616 ad

144 1633 177 1668 id
195 1633 411 1668 multitudine
430 1634 599 1668 hominum
618 1646 757 1679 regnum
777 1634 954 1676 abundare,
970 1634 1027 1669 sed
1045 1633 1193 1668 armandi

145 1684 349 1730 ornandique
374 1687 408 1719 et
433 1685 621 1720 instruendi
654 1698 709 1720 eos
736 1689 841 1720 artem
875 1686 1050 1731 ignorare:
1083 1685 1193 1719 omnia

146 1737 239 1771 velut
268 1736 354 1771 forte
381 1741 585 1782 congregata
611 1737 712 1771 turba
741 1750 801 1771 sua
828 1742 923 1772 vasta
949 1749 986 1772 ac
1019 1737 1193 1771 temeraria

114 1789 132 1821 7
144 1799 228 1823 esse.
277 1787 439 1823 Facturos
465 1801 499 1823 se
525 1789 557 1822 in
583 1789 759 1834 praesentia
784 1788 873 1833 quod
898 1789 997 1823 vellet
1020 1788 1120 1831 leg-ati
1143 1800 1193 1821 re-
