1272 1921
400 20 492 51 LlB.
516 20 614 50 XX1.
638 22 753 51 8—10.
1082 23 1102 50 9

52 61 248 141 &sii-iiiioltu
272 93 378 129 multo
406 94 562 138 majorem
588 94 700 139 ignem
725 94 840 135 ferret,
871 106 963 128 arma
987 94 1100 129 omitti

51 146 191 193 cogebat
215 145 408 190 nudumque
432 145 570 180 militem
597 145 639 179 ad
664 145 879 191 insequentes
903 145 991 180 ictus
1018 158 1099 191 prae-

51 197 160 233 bebat.
209 196 323 234 Quum
347 196 404 231 diu
426 208 547 242 anceps
571 196 691 231 fuisset
715 199 885 231 certamen
909 200 944 231 et
971 197 1100 242 Sagun·
1114 192 1173 234 (9)

50 249 139 290 tinis,
171 248 248 292 quia
276 252 397 293 praeter
429 259 520 293 spem
550 248 756 289 resisterent,
782 248 966 283 crevissent
990 247 1101 292 animi,

49 298 187 342 Poenus,
215 299 294 344 quia
318 310 386 333 non
411 299 557 341 vicisset,
585 311 646 345 pro
676 298 765 334 victo
794 301 893 340 esset,
924 298 1100 334 clamorem

49 353 186 396 repente
218 349 375 396 oppidani
406 350 530 384 tollunt
562 350 760 395 hostemque
791 350 827 384 in
862 349 976 385 ruinas
1013 350 1103 385 muri

48 400 228 447 expellunt,
259 400 336 435 inde
364 400 562 446 impeditum
589 400 880 447 trepidantemque
907 401 1102 446 exturbant,

48 455 218 498 postremo
234 452 348 487 fusum
365 452 586 498 fugatumque
602 453 638 487 in
654 456 765 487 castra
781 452 950 498 redigunt.

92 503 235 538 Interim
264 503 305 538 ab
337 503 446 538 Roma
477 504 605 548 legatos
638 504 769 538 venisse
801 503 996 538 nuntiatum
1029 506 1136 538 est:2

47 554 167 599 quibus
197 554 328 589 obviam
355 554 397 589 ad
427 566 518 589 mare
551 555 643 590 missi
671 554 712 589 ab
745 554 935 589 Hannibale
969 554 1026 600 qui
1055 555 1103 590 di-

46 612 170 648 cerent,
188 618 250 641 nec
266 608 342 640 tuto
359 618 415 640 eos
433 605 582 641 adituros
604 607 692 641 inter
708 609 761 641 tot
778 609 847 641 tam
865 606 1100 641 effrenatarum

45 657 197 703 gentium
225 669 325 700 arma,
349 669 411 691 nec
437 657 621 693 Hannibali
645 658 681 692 in
708 661 804 692 tanto
833 657 1022 692 discrimine
1051 670 1103 692 re-

46 721 119 743 rum
152 720 260 754 operae
292 720 366 743 esse
398 708 582 754 legationes
616 709 741 744 audire.
806 709 1001 754 Apparebat
1034 720 1133 747 nous

45 759 206 794 admissos
223 760 376 805 protinus
398 760 637 806 Carthaginem
659 761 776 795 ituros.
826 760 977 795 Litteras
994 760 1101 806 igitur
1116 766 1136 794 4

44 811 245 857 nuntiosque
262 810 304 845 ad
325 811 492 856 principes
509 811 664 846 factionis
686 811 838 846 Barcinae
855 811 1041 857 praemittit,
1060 818 1100 846 ut

43 865 268 908 praepararent
292 874 429 897 suorum
454 863 590 905 animos,
617 875 659 897 ne
685 863 763 909 qnid
794 875 871 909 pars
897 863 1002 898 altera
1026 875 1101 909 gra-

42 913 163 948 tificari
179 925 241 958 pro
259 913 419 948 Romanis
442 917 568 959 posset.
617 914 739 960 Itaque
761 917 986 960 praeterquam
1009 914 1099 960 quod
1112 912 1192 954 (10)

42 964 179 999 admissi
207 964 379 1010 auditique
406 968 495 1007 sunt,
526 978 566 1000 ea
598 977 730 1012 quoque
759 978 844 1000 vana
873 969 974 1011 atque
1003 965 1100 1000 irrita

40 1014 164 1061 legatio
196 1015 271 1050 fuit.
320 1017 444 1051 Hanno
472 1029 560 1051 unus
593 1016 752 1051 adversus
782 1020 937 1051 senatum
966 1029 1099 1051 causam
1115 1020 1134 1048 2

40 1066 173 1102 foederis
193 1079 314 1113 magno
338 1067 470 1102 silentio
494 1071 633 1114 propter
657 1068 893 1103 auctoritatem
914 1080 1008 1103 suam
1032 1080 1101 1103 non

40 1129 116 1152 cum
133 1117 277 1153 adsensu
290 1118 497 1153 audientium
510 1119 590 1165 egit,
607 1131 667 1165 per
680 1119 759 1154 deos
777 1118 940 1154 foederum
955 1118 1100 1154 arbitros

39 1180 78 1204 ac
93 1172 199 1204 testes
216 1175 370 1204 senatum
391 1169 575 1211 obtestans,
594 1182 637 1205 ne
660 1171 850 1205 Romanum
869 1182 945 1205 cum
969 1170 1100 1216 Sagun-

39 1220 110 1256 tino
139 1221 341 1256 suscitarent
369 1220 503 1256 bellum.
552 1222 729 1256 Monuisse
758 1221 952 1268 praedixisse
981 1234 1028 1263 se,
1057 1234 1100 1257 ne

38 1271 240 1307 Hamilcaris
273 1272 467 1318 progeniem
500 1272 542 1307 ad
573 1273 759 1308 exercitum
792 1273 990 1308 mitterent:
1030 1285 1100 1307 non

38 1334 151 1357 manes
169 1335 235 1358 non
252 1320 391 1368 stirpem
409 1326 482 1369 ejus
500 1325 736 1370 conquiescere
759 1325 832 1366 viri,
851 1336 912 1359 nee
929 1337 1098 1370 umquam,

38 1373 143 1409 donec
160 1375 331 1420 sanguinis
352 1375 564 1420 nominisque
586 1375 721 1410 Barcini
739 1376 915 1422 quisquam
938 1376 1097 1420 supersit,

40 1425 198 1470 quietura
223 1426 377 1460 Romana
404 1425 550 1461 foedera:
592 1427 786 1462 “Juvenem
816 1427 1011 1473 fiagrantem
1042 1431 1131 1462 cu-3

37 1475 150 1521 pidine
166 1477 262 1522 regni
278 1477 433 1523 viamque
449 1490 550 1512 unam
568 1477 608 1512 ad
626 1478 661 1512 id
675 1481 877 1520 cernentem,
897 1478 925 1513 si
942 1491 986 1513 ex
1002 1478 1098 1514 bellis

36 1526 123 1562 bella
139 1527 278 1562 serendo
292 1528 483 1563 succinctus
498 1530 598 1564 armis
615 1529 869 1576 legionibusque
883 1530 986 1573 vivat,
1003 1530 1098 1565 velut

36 1579 209 1613 materiam
222 1579 294 1625 igni
310 1579 500 1623 praebentes
519 1580 560 1615 ad
574 1581 742 1616 exercitus
755 1581 905 1616 misistis.
954 1580 1097 1616 Aluistis
1112 1584 1132 1612 4

35 1642 116 1674 ergo
129 1630 193 1664 hoc
205 1629 406 1672 incendium,
422 1643 488 1676 quo
501 1643 591 1667 nunc
603 1632 739 1667 ardetis.
790 1632 979 1678 Saguntum
993 1632 1099 1667 vestri
1114 1636 1132 1664 5

35 1680 282 1716 circumsedent
315 1682 494 1724 exercitus,
525 1683 614 1718 unde
644 1686 802 1718 arcentur
834 1683 980 1718 foedere:
1019 1696 1099 1718 mox

37 1732 276 1777 Carthaginem
294 1732 587 1769 circumsedebunt
606 1735 764 1770 Romanae
786 1735 938 1780 legiones
955 1734 1100 1770 ducibus
