<?xml version="1.0" encoding="UTF-8"?>
<!DOCTYPE html PUBLIC "-//W3C//DTD XHTML 1.0 Transitional//EN"
    "http://www.w3.org/TR/xhtml1/DTD/xhtml1-transitional.dtd">
<html xmlns="http://www.w3.org/1999/xhtml" xml:lang="en" lang="en">
 <head>
  <title>
</title>
<meta http-equiv="Content-Type" content="text/html;charset=utf-8" />
  <meta name='ocr-system' content='tesseract 3.04.00' />
  <meta name='ocr-capabilities' content='ocr_page ocr_carea ocr_par ocr_line ocrx_word'/>
</head>
<body>
  <div class='ocr_page' id='page_1' title='image "./booksxxixxivwith00livyuoft_0141.png"; bbox 0 0 1298 1921; ppageno 0'>
   <div class='ocr_carea' id='block_1_1' title="bbox 400 52 1119 85">
    <p class='ocr_par' dir='ltr' id='par_1_1' title="bbox 400 52 1119 85">
     <span class='ocr_line' id='line_1_1' title="bbox 400 52 1119 85; baseline 0 0"><span class='ocrx_word' id='word_1_1' title='bbox 400 53 492 85; x_wconf 85' lang='lat' dir='ltr'>LIB.</span> <span class='ocrx_word' id='word_1_2' title='bbox 515 52 632 84; x_wconf 89' lang='lat' dir='ltr'><strong>XXII.</strong></span> <span class='ocrx_word' id='word_1_3' title='bbox 656 53 795 84; x_wconf 76' lang='lat'>46—49.</span> <span class='ocrx_word' id='word_1_4' title='bbox 1059 55 1119 85; x_wconf 89' lang='grc'>119</span> 
     </span>
    </p>
   </div>
   <div class='ocr_carea' id='block_1_2' title="bbox 71 94 1118 174">
    <p class='ocr_par' dir='ltr' id='par_1_2' title="bbox 71 94 1118 174">
     <span class='ocr_line' id='line_1_2' title="bbox 71 94 1118 174; baseline -0.001 -11"><span class='ocrx_word' id='word_1_5' title='bbox 71 94 307 174; x_wconf 46' lang='grc' dir='ltr'>ἓῖιὲἧῑξῐὲἔωὶίο</span> <span class='ocrx_word' id='word_1_6' title='bbox 329 139 407 172; x_wconf 90' lang='lat' dir='ltr'>uno,</span> <span class='ocrx_word' id='word_1_7' title='bbox 430 128 561 164; x_wconf 89' lang='lat' dir='ltr'>omissis</span> <span class='ocrx_word' id='word_1_8' title='bbox 584 127 687 163; x_wconf 85' lang='lat' dir='ltr'>Gallis</span> <span class='ocrx_word' id='word_1_9' title='bbox 710 126 950 174; x_wconf 88' lang='lat' dir='ltr'>Hispanisque,</span> <span class='ocrx_word' id='word_1_10' title='bbox 977 139 1118 174; x_wconf 89' lang='lat' dir='ltr'>quorum</span> 
     </span>
    </p>
   </div>
   <div class='ocr_carea' id='block_1_3' title="bbox 54 179 1210 1818">
    <p class='ocr_par' dir='ltr' id='par_1_3' title="bbox 55 179 1210 1457">
     <span class='ocr_line' id='line_1_3' title="bbox 69 179 1117 225; baseline -0.001 -11"><span class='ocrx_word' id='word_1_11' title='bbox 69 182 165 225; x_wconf 86' lang='lat' dir='ltr'>terga</span> <span class='ocrx_word' id='word_1_12' title='bbox 188 179 386 223; x_wconf 79' lang='lat' dir='ltr'>ceciderant,</span> <span class='ocrx_word' id='word_1_13' title='bbox 411 182 445 215; x_wconf 88' lang='lat' dir='ltr'>et</span> <span class='ocrx_word' id='word_1_14' title='bbox 471 179 630 215; x_wconf 88' lang='lat' dir='ltr'>adversus</span> <span class='ocrx_word' id='word_1_15' title='bbox 653 179 754 214; x_wconf 84' lang='lat' dir='ltr'>Afros</span> <span class='ocrx_word' id='word_1_16' title='bbox 779 179 944 225; x_wconf 86' lang='lat' dir='ltr'>integram</span> <span class='ocrx_word' id='word_1_17' title='bbox 969 191 1117 225; x_wconf 86' lang='lat' dir='ltr'>pugnam</span> 
     </span>
     <span class='ocr_line' id='line_1_4' title="bbox 68 230 1115 276; baseline 0 -11"><span class='ocrx_word' id='word_1_18' title='bbox 68 230 195 273; x_wconf 88' lang='lat' dir='ltr'>ineunt,</span> <span class='ocrx_word' id='word_1_19' title='bbox 209 243 273 265; x_wconf 90' lang='lat' dir='ltr'>non</span> <span class='ocrx_word' id='word_1_20' title='bbox 290 233 424 266; x_wconf 82' lang='lat' dir='ltr'>tantum</span> <span class='ocrx_word' id='word_1_21' title='bbox 440 231 475 266; x_wconf 89' lang='lat' dir='ltr'>in</span> <span class='ocrx_word' id='word_1_22' title='bbox 492 243 531 266; x_wconf 91' lang='lat' dir='ltr'>eo</span> <span class='ocrx_word' id='word_1_23' title='bbox 547 230 696 276; x_wconf 86' lang='lat' dir='ltr'>iniquam</span> <span class='ocrx_word' id='word_1_24' title='bbox 714 230 803 276; x_wconf 87' lang='lat' dir='ltr'>quod</span> <span class='ocrx_word' id='word_1_25' title='bbox 819 230 938 266; x_wconf 89' lang='lat' dir='ltr'>inclusi</span> <span class='ocrx_word' id='word_1_26' title='bbox 956 230 1115 266; x_wconf 86' lang='lat' dir='ltr'>adversus</span> 
     </span>
     <span class='ocr_line' id='line_1_5' title="bbox 69 281 1115 328; baseline -0.001 -11"><span class='ocrx_word' id='word_1_27' title='bbox 69 281 299 325; x_wconf 85' lang='lat' dir='ltr'>circumfusos,</span> <span class='ocrx_word' id='word_1_28' title='bbox 325 282 384 317; x_wconf 88' lang='lat' dir='ltr'>sed</span> <span class='ocrx_word' id='word_1_29' title='bbox 410 282 510 317; x_wconf 85' lang='lat' dir='ltr'>etiam</span> <span class='ocrx_word' id='word_1_30' title='bbox 538 281 627 328; x_wconf 91' lang='lat' dir='ltr'>quod</span> <span class='ocrx_word' id='word_1_31' title='bbox 653 281 733 316; x_wconf 85' lang='lat' dir='ltr'>fessi</span> <span class='ocrx_word' id='word_1_32' title='bbox 759 293 835 317; x_wconf 90' lang='lat' dir='ltr'>cum</span> <span class='ocrx_word' id='word_1_33' title='bbox 860 281 1050 317; x_wconf 79' lang='lat' dir='ltr'>recentibus</span> <span class='ocrx_word' id='word_1_34' title='bbox 1076 294 1115 317; x_wconf 92' lang='lat' dir='ltr'>ac</span> 
     </span>
     <span class='ocr_line' id='line_1_6' title="bbox 68 332 1210 379; baseline 0.004 -12"><span class='ocrx_word' id='word_1_35' title='bbox 68 333 196 378; x_wconf 85' lang='lat' dir='ltr'>vegetis</span> <span class='ocrx_word' id='word_1_36' title='bbox 224 333 430 379; x_wconf 74' lang='lat' dir='ltr'>pugnabant.</span> <span class='ocrx_word' id='word_1_37' title='bbox 480 333 557 368; x_wconf 87' lang='lat' dir='ltr'>Jam</span> <span class='ocrx_word' id='word_1_38' title='bbox 583 335 617 368; x_wconf 90' lang='lat' dir='ltr'>et</span> <span class='ocrx_word' id='word_1_39' title='bbox 646 332 781 368; x_wconf 90' lang='lat' dir='ltr'>sinistro</span> <span class='ocrx_word' id='word_1_40' title='bbox 808 345 912 368; x_wconf 90' lang='lat' dir='ltr'>cornu</span> <span class='ocrx_word' id='word_1_41' title='bbox 940 333 1111 376; x_wconf 82' lang='lat' dir='ltr'>Romanis,</span> <span class='ocrx_word' id='word_1_42' title='bbox 1127 332 1210 374; x_wconf 79' lang='lat'>(48)</span> 
     </span>
     <span class='ocr_line' id='line_1_7' title="bbox 68 383 1114 431; baseline 0.001 -13"><span class='ocrx_word' id='word_1_43' title='bbox 68 383 125 419; x_wconf 92' lang='lat' dir='ltr'>ubi</span> <span class='ocrx_word' id='word_1_44' title='bbox 142 385 307 419; x_wconf 86' lang='lat' dir='ltr'>sociorum</span> <span class='ocrx_word' id='word_1_45' title='bbox 328 386 457 431; x_wconf 82' lang='lat' dir='ltr'>equites</span> <span class='ocrx_word' id='word_1_46' title='bbox 480 385 638 420; x_wconf 84' lang='lat' dir='ltr'>adversus</span> <span class='ocrx_word' id='word_1_47' title='bbox 656 384 821 420; x_wconf 83' lang='lat' dir='ltr'><strong>Numidas</strong></span> <span class='ocrx_word' id='word_1_48' title='bbox 844 387 1018 426; x_wconf 84' lang='lat' dir='ltr'>steterant,</span> <span class='ocrx_word' id='word_1_49' title='bbox 1037 397 1114 420; x_wconf 89' lang='lat' dir='ltr'>con-</span> 
     </span>
     <span class='ocr_line' id='line_1_8' title="bbox 68 436 1112 482; baseline 0.002 -12"><span class='ocrx_word' id='word_1_50' title='bbox 68 438 195 470; x_wconf 80' lang='lat' dir='ltr'>sertum</span> <span class='ocrx_word' id='word_1_51' title='bbox 211 436 363 481; x_wconf 84' lang='lat' dir='ltr'>proelium</span> <span class='ocrx_word' id='word_1_52' title='bbox 382 440 463 479; x_wconf 85' lang='lat' dir='ltr'>erat,</span> <span class='ocrx_word' id='word_1_53' title='bbox 485 449 586 482; x_wconf 85' lang='lat' dir='ltr'>segne</span> <span class='ocrx_word' id='word_1_54' title='bbox 608 436 714 481; x_wconf 92' lang='lat' dir='ltr'>primo</span> <span class='ocrx_word' id='word_1_55' title='bbox 731 438 766 471; x_wconf 89' lang='lat' dir='ltr'>et</span> <span class='ocrx_word' id='word_1_56' title='bbox 783 448 802 470; x_wconf 89' lang='lat' dir='ltr'>a</span> <span class='ocrx_word' id='word_1_57' title='bbox 824 436 951 471; x_wconf 81' lang='lat' dir='ltr'>Punica</span> <span class='ocrx_word' id='word_1_58' title='bbox 969 438 1112 482; x_wconf 85' lang='lat' dir='ltr'>eoeptum</span> 
     </span>
     <span class='ocr_line' id='line_1_9' title="bbox 66 485 1148 534; baseline 0.002 -14"><span class='ocrx_word' id='word_1_59' title='bbox 66 485 193 522; x_wconf 82' lang='lat' dir='ltr'>fraude.</span> <span class='ocrx_word' id='word_1_60' title='bbox 243 487 432 534; x_wconf 81' lang='lat' dir='ltr'>Quingenti</span> <span class='ocrx_word' id='word_1_61' title='bbox 448 488 551 522; x_wconf 89' lang='lat' dir='ltr'>ferme</span> <span class='ocrx_word' id='word_1_62' title='bbox 569 486 734 529; x_wconf 63' lang='lat' dir='ltr'>Numidae,</span> <span class='ocrx_word' id='word_1_63' title='bbox 753 490 876 532; x_wconf 75' lang='lat' dir='ltr'>praeter</span> <span class='ocrx_word' id='word_1_64' title='bbox 888 490 1009 522; x_wconf 81' lang='lat' dir='ltr'>caetera</span> <span class='ocrx_word' id='word_1_65' title='bbox 1025 499 1115 522; x_wconf 83' lang='lat' dir='ltr'>arma</span> <span class='ocrx_word' id='word_1_66' title='bbox 1129 490 1148 520; x_wconf 89' lang='grc'><strong>2</strong></span> 
     </span>
     <span class='ocr_line' id='line_1_10' title="bbox 66 537 1115 584; baseline 0.002 -12"><span class='ocrx_word' id='word_1_67' title='bbox 66 537 198 584; x_wconf 82' lang='lat' dir='ltr'>telaque</span> <span class='ocrx_word' id='word_1_68' title='bbox 227 538 353 584; x_wconf 82' lang='lat' dir='ltr'>gladios</span> <span class='ocrx_word' id='word_1_69' title='bbox 386 539 534 574; x_wconf 88' lang='lat' dir='ltr'>occultos</span> <span class='ocrx_word' id='word_1_70' title='bbox 563 538 627 573; x_wconf 91' lang='lat' dir='ltr'>sub</span> <span class='ocrx_word' id='word_1_71' title='bbox 658 538 769 573; x_wconf 89' lang='lat' dir='ltr'>loricis</span> <span class='ocrx_word' id='word_1_72' title='bbox 802 538 974 580; x_wconf 84' lang='lat' dir='ltr'>habentes,</span> <span class='ocrx_word' id='word_1_73' title='bbox 1005 539 1115 584; x_wconf 85' lang='lat' dir='ltr'>specie</span> 
     </span>
     <span class='ocr_line' id='line_1_11' title="bbox 66 589 1114 636; baseline 0.001 -13"><span class='ocrx_word' id='word_1_74' title='bbox 66 589 317 635; x_wconf 80' lang='lat' dir='ltr'>transfugarum</span> <span class='ocrx_word' id='word_1_75' title='bbox 334 602 437 636; x_wconf 88' lang='lat' dir='ltr'>quum</span> <span class='ocrx_word' id='word_1_76' title='bbox 455 589 495 625; x_wconf 83' lang='lat' dir='ltr'>ab</span> <span class='ocrx_word' id='word_1_77' title='bbox 513 590 581 624; x_wconf 88' lang='lat' dir='ltr'>suis</span> <span class='ocrx_word' id='word_1_78' title='bbox 600 601 730 634; x_wconf 86' lang='lat' dir='ltr'>parmas</span> <span class='ocrx_word' id='word_1_79' title='bbox 747 592 824 635; x_wconf 88' lang='lat' dir='ltr'>post</span> <span class='ocrx_word' id='word_1_80' title='bbox 842 592 937 636; x_wconf 85' lang='lat' dir='ltr'>terga</span> <span class='ocrx_word' id='word_1_81' title='bbox 955 589 1114 625; x_wconf 87' lang='lat' dir='ltr'>habentes</span> 
     </span>
     <span class='ocr_line' id='line_1_12' title="bbox 66 639 1114 687; baseline 0.001 -13"><span class='ocrx_word' id='word_1_82' title='bbox 66 639 326 686; x_wconf 67' lang='lat' dir='ltr'>adequitassent,</span> <span class='ocrx_word' id='word_1_83' title='bbox 351 644 487 687; x_wconf 89' lang='lat' dir='ltr'>repente</span> <span class='ocrx_word' id='word_1_84' title='bbox 510 653 551 676; x_wconf 84' lang='lat' dir='ltr'>ex</span> <span class='ocrx_word' id='word_1_85' title='bbox 568 640 661 686; x_wconf 89' lang='lat' dir='ltr'>equis</span> <span class='ocrx_word' id='word_1_86' title='bbox 687 640 845 676; x_wconf 87' lang='lat' dir='ltr'>desiliunt</span> <span class='ocrx_word' id='word_1_87' title='bbox 867 644 1057 687; x_wconf 83' lang='lat' dir='ltr'>parmisque</span> <span class='ocrx_word' id='word_1_88' title='bbox 1080 644 1114 676; x_wconf 88' lang='lat' dir='ltr'>et</span> 
     </span>
     <span class='ocr_line' id='line_1_13' title="bbox 61 691 1113 738; baseline 0.001 -12"><span class='ocrx_word' id='word_1_89' title='bbox 61 691 182 736; x_wconf 87' lang='lat' dir='ltr'>jaculis</span> <span class='ocrx_word' id='word_1_90' title='bbox 205 694 282 727; x_wconf 86' lang='lat' dir='ltr'>ante</span> <span class='ocrx_word' id='word_1_91' title='bbox 306 691 406 738; x_wconf 88' lang='lat' dir='ltr'>pedes</span> <span class='ocrx_word' id='word_1_92' title='bbox 432 692 579 727; x_wconf 89' lang='lat' dir='ltr'>hostium</span> <span class='ocrx_word' id='word_1_93' title='bbox 604 692 763 738; x_wconf 86' lang='lat' dir='ltr'>projectis</span> <span class='ocrx_word' id='word_1_94' title='bbox 789 692 824 727; x_wconf 90' lang='lat' dir='ltr'>in</span> <span class='ocrx_word' id='word_1_95' title='bbox 845 692 987 727; x_wconf 89' lang='lat' dir='ltr'>mediam</span> <span class='ocrx_word' id='word_1_96' title='bbox 1010 692 1113 727; x_wconf 84' lang='lat' dir='ltr'>aciem</span> 
     </span>
     <span class='ocr_line' id='line_1_14' title="bbox 64 742 1111 790; baseline 0.001 -13"><span class='ocrx_word' id='word_1_97' title='bbox 64 742 194 788; x_wconf 86' lang='lat' dir='ltr'>accepti</span> <span class='ocrx_word' id='word_1_98' title='bbox 211 742 368 789; x_wconf 89' lang='lat' dir='ltr'>ductique</span> <span class='ocrx_word' id='word_1_99' title='bbox 382 742 424 778; x_wconf 90' lang='lat' dir='ltr'>ad</span> <span class='ocrx_word' id='word_1_100' title='bbox 440 743 576 778; x_wconf 90' lang='lat' dir='ltr'>ultimos</span> <span class='ocrx_word' id='word_1_101' title='bbox 590 742 760 778; x_wconf 81' lang='lat' dir='ltr'>considere</span> <span class='ocrx_word' id='word_1_102' title='bbox 778 743 818 778; x_wconf 88' lang='lat' dir='ltr'>ab</span> <span class='ocrx_word' id='word_1_103' title='bbox 832 746 929 790; x_wconf 87' lang='lat' dir='ltr'>tergo</span> <span class='ocrx_word' id='word_1_104' title='bbox 939 743 1111 789; x_wconf 89' lang='lat' dir='ltr'>jubentur.</span> 
     </span>
     <span class='ocr_line' id='line_1_15' title="bbox 63 793 1146 841; baseline 0.002 -13"><span class='ocrx_word' id='word_1_105' title='bbox 63 793 115 828; x_wconf 90' lang='lat' dir='ltr'>Ac</span> <span class='ocrx_word' id='word_1_106' title='bbox 132 793 210 828; x_wconf 90' lang='lat' dir='ltr'>dum</span> <span class='ocrx_word' id='word_1_107' title='bbox 228 793 379 839; x_wconf 87' lang='lat' dir='ltr'>proelium</span> <span class='ocrx_word' id='word_1_108' title='bbox 397 794 437 829; x_wconf 84' lang='lat' dir='ltr'>ab</span> <span class='ocrx_word' id='word_1_109' title='bbox 458 795 550 829; x_wconf 89' lang='lat' dir='ltr'>omni</span> <span class='ocrx_word' id='word_1_110' title='bbox 565 797 660 840; x_wconf 76' lang='lat' dir='ltr'>parte</span> <span class='ocrx_word' id='word_1_111' title='bbox 683 795 880 838; x_wconf 85' lang='lat' dir='ltr'>conseritur,</span> <span class='ocrx_word' id='word_1_112' title='bbox 903 795 1007 841; x_wconf 81' lang='lat' dir='ltr'>quieti</span> <span class='ocrx_word' id='word_1_113' title='bbox 1024 807 1112 830; x_wconf 85' lang='lat' dir='ltr'>man·</span> <span class='ocrx_word' id='word_1_114' title='bbox 1127 802 1146 831; x_wconf 88' lang='lat'>3</span> 
     </span>
     <span class='ocr_line' id='line_1_16' title="bbox 63 845 1113 892; baseline 0.002 -13"><span class='ocrx_word' id='word_1_115' title='bbox 63 847 201 880; x_wconf 86' lang='lat' dir='ltr'>serunt:</span> <span class='ocrx_word' id='word_1_116' title='bbox 228 848 404 891; x_wconf 75' lang='lat' dir='ltr'>postquam</span> <span class='ocrx_word' id='word_1_117' title='bbox 431 845 580 881; x_wconf 88' lang='lat' dir='ltr'>omnium</span> <span class='ocrx_word' id='word_1_118' title='bbox 608 846 735 880; x_wconf 88' lang='lat' dir='ltr'>animos</span> <span class='ocrx_word' id='word_1_119' title='bbox 762 846 943 892; x_wconf 87' lang='lat' dir='ltr'>oculosque</span> <span class='ocrx_word' id='word_1_120' title='bbox 972 858 1113 892; x_wconf 84' lang='lat' dir='ltr'>occupa-</span> 
     </span>
     <span class='ocr_line' id='line_1_17' title="bbox 63 897 1113 943; baseline 0.002 -13"><span class='ocrx_word' id='word_1_121' title='bbox 63 898 156 930; x_wconf 86' lang='lat' dir='ltr'>verat</span> <span class='ocrx_word' id='word_1_122' title='bbox 181 899 359 939; x_wconf 86' lang='lat' dir='ltr'>certamen,</span> <span class='ocrx_word' id='word_1_123' title='bbox 384 899 458 931; x_wconf 89' lang='lat' dir='ltr'>tum</span> <span class='ocrx_word' id='word_1_124' title='bbox 481 897 623 943; x_wconf 83' lang='lat' dir='ltr'>arreptis</span> <span class='ocrx_word' id='word_1_125' title='bbox 641 897 757 939; x_wconf 83' lang='lat' dir='ltr'>scutis,</span> <span class='ocrx_word' id='word_1_126' title='bbox 781 910 854 943; x_wconf 82' lang='lat' dir='ltr'>quae</span> <span class='ocrx_word' id='word_1_127' title='bbox 878 897 1002 943; x_wconf 87' lang='lat' dir='ltr'>passim</span> <span class='ocrx_word' id='word_1_128' title='bbox 1024 898 1113 933; x_wconf 87' lang='lat' dir='ltr'>inter</span> 
     </span>
     <span class='ocr_line' id='line_1_18' title="bbox 63 948 1112 994; baseline 0.003 -13"><span class='ocrx_word' id='word_1_129' title='bbox 63 958 197 982; x_wconf 88' lang='lat' dir='ltr'>acervos</span> <span class='ocrx_word' id='word_1_130' title='bbox 215 959 378 982; x_wconf 84' lang='lat' dir='ltr'>caesorum</span> <span class='ocrx_word' id='word_1_131' title='bbox 395 960 572 994; x_wconf 86' lang='lat' dir='ltr'>corporum</span> <span class='ocrx_word' id='word_1_132' title='bbox 594 948 687 983; x_wconf 85' lang='lat' dir='ltr'>humi</span> <span class='ocrx_word' id='word_1_133' title='bbox 710 951 816 983; x_wconf 85' lang='lat' dir='ltr'>strata</span> <span class='ocrx_word' id='word_1_134' title='bbox 839 952 945 991; x_wconf 86' lang='lat' dir='ltr'>erant,</span> <span class='ocrx_word' id='word_1_135' title='bbox 963 961 1112 984; x_wconf 86' lang='lat' dir='ltr'>aversam</span> 
     </span>
     <span class='ocr_line' id='line_1_19' title="bbox 62 997 1112 1046; baseline 0.003 -14"><span class='ocrx_word' id='word_1_136' title='bbox 62 997 259 1033; x_wconf 86' lang='lat' dir='ltr'>adoriuntur</span> <span class='ocrx_word' id='word_1_137' title='bbox 299 999 486 1034; x_wconf 83' lang='lat' dir='ltr'>Romanam</span> <span class='ocrx_word' id='word_1_138' title='bbox 527 999 641 1041; x_wconf 83' lang='lat' dir='ltr'>aciem,</span> <span class='ocrx_word' id='word_1_139' title='bbox 675 1002 837 1046; x_wconf 82' lang='lat' dir='ltr'>tergaque</span> <span class='ocrx_word' id='word_1_140' title='bbox 877 1000 1035 1035; x_wconf 87' lang='lat' dir='ltr'>ferientes</span> <span class='ocrx_word' id='word_1_141' title='bbox 1073 1012 1112 1036; x_wconf 88' lang='lat' dir='ltr'>ac</span> 
     </span>
     <span class='ocr_line' id='line_1_20' title="bbox 60 1050 1112 1097; baseline 0.002 -12"><span class='ocrx_word' id='word_1_142' title='bbox 60 1050 203 1096; x_wconf 88' lang='lat' dir='ltr'>poplites</span> <span class='ocrx_word' id='word_1_143' title='bbox 228 1050 394 1086; x_wconf 80' lang='lat' dir='ltr'>caedentes</span> <span class='ocrx_word' id='word_1_144' title='bbox 424 1055 571 1097; x_wconf 85' lang='lat' dir='ltr'>stragem</span> <span class='ocrx_word' id='word_1_145' title='bbox 599 1052 770 1097; x_wconf 86' lang='lat' dir='ltr'>ingentem</span> <span class='ocrx_word' id='word_1_146' title='bbox 799 1064 837 1087; x_wconf 89' lang='lat' dir='ltr'>ac</span> <span class='ocrx_word' id='word_1_147' title='bbox 865 1054 1024 1097; x_wconf 90' lang='lat' dir='ltr'>majorem</span> <span class='ocrx_word' id='word_1_148' title='bbox 1053 1052 1112 1087; x_wconf 89' lang='lat' dir='ltr'>ali-</span> 
     </span>
     <span class='ocr_line' id='line_1_21' title="bbox 61 1102 1144 1147; baseline 0.003 -11"><span class='ocrx_word' id='word_1_149' title='bbox 61 1104 186 1147; x_wconf 86' lang='lat' dir='ltr'>quanto</span> <span class='ocrx_word' id='word_1_150' title='bbox 214 1114 370 1147; x_wconf 87' lang='lat' dir='ltr'>pavorem</span> <span class='ocrx_word' id='word_1_151' title='bbox 400 1114 438 1137; x_wconf 84' lang='lat' dir='ltr'>ac</span> <span class='ocrx_word' id='word_1_152' title='bbox 467 1102 649 1137; x_wconf 86' lang='lat' dir='ltr'>tumultum</span> <span class='ocrx_word' id='word_1_153' title='bbox 679 1103 842 1138; x_wconf 85' lang='lat' dir='ltr'>fecerunt.</span> <span class='ocrx_word' id='word_1_154' title='bbox 893 1104 1009 1141; x_wconf 76' lang='lat' dir='ltr'>Quum</span> <span class='ocrx_word' id='word_1_155' title='bbox 1032 1104 1108 1139; x_wconf 89' lang='lat' dir='ltr'>alibi</span> <span class='ocrx_word' id='word_1_156' title='bbox 1124 1109 1144 1140; x_wconf 79' lang='lat'><em>4</em></span> 
     </span>
     <span class='ocr_line' id='line_1_22' title="bbox 59 1153 1108 1200; baseline 0.002 -13"><span class='ocrx_word' id='word_1_157' title='bbox 59 1155 168 1187; x_wconf 82' lang='lat' dir='ltr'>terror</span> <span class='ocrx_word' id='word_1_158' title='bbox 185 1165 223 1188; x_wconf 84' lang='lat' dir='ltr'>ac</span> <span class='ocrx_word' id='word_1_159' title='bbox 240 1153 331 1199; x_wconf 82' lang='lat' dir='ltr'>fuga,</span> <span class='ocrx_word' id='word_1_160' title='bbox 351 1153 429 1188; x_wconf 88' lang='lat' dir='ltr'>alibi</span> <span class='ocrx_word' id='word_1_161' title='bbox 445 1155 602 1199; x_wconf 81' lang='lat' dir='ltr'>pertinax</span> <span class='ocrx_word' id='word_1_162' title='bbox 624 1154 659 1189; x_wconf 85' lang='lat' dir='ltr'>in</span> <span class='ocrx_word' id='word_1_163' title='bbox 675 1154 760 1188; x_wconf 81' lang='lat' dir='ltr'>mala</span> <span class='ocrx_word' id='word_1_164' title='bbox 779 1155 847 1200; x_wconf 79' lang='lat' dir='ltr'>jan]</span> <span class='ocrx_word' id='word_1_165' title='bbox 874 1167 933 1200; x_wconf 86' lang='lat' dir='ltr'>spe</span> <span class='ocrx_word' id='word_1_166' title='bbox 956 1154 1108 1200; x_wconf 81' lang='lat' dir='ltr'>proelium</span> 
     </span>
     <span class='ocr_line' id='line_1_23' title="bbox 59 1204 1109 1251; baseline 0.002 -12"><span class='ocrx_word' id='word_1_167' title='bbox 59 1206 159 1246; x_wconf 87' lang='lat' dir='ltr'>esset,</span> <span class='ocrx_word' id='word_1_168' title='bbox 176 1204 380 1246; x_wconf 75' lang='lat' dir='ltr'>Hasdrubal,</span> <span class='ocrx_word' id='word_1_169' title='bbox 401 1205 458 1250; x_wconf 89' lang='lat' dir='ltr'>qui</span> <span class='ocrx_word' id='word_1_170' title='bbox 480 1217 519 1240; x_wconf 89' lang='lat' dir='ltr'>ea</span> <span class='ocrx_word' id='word_1_171' title='bbox 538 1207 608 1250; x_wconf 88' lang='lat' dir='ltr'>jam</span> <span class='ocrx_word' id='word_1_172' title='bbox 634 1208 729 1251; x_wconf 88' lang='lat' dir='ltr'>parte</span> <span class='ocrx_word' id='word_1_173' title='bbox 752 1210 902 1251; x_wconf 80' lang='lat' dir='ltr'>praeerat,</span> <span class='ocrx_word' id='word_1_174' title='bbox 926 1205 1109 1241; x_wconf 83' lang='lat' dir='ltr'>subductos</span> 
     </span>
     <span class='ocr_line' id='line_1_24' title="bbox 58 1255 1109 1302; baseline 0.002 -12"><span class='ocrx_word' id='word_1_175' title='bbox 58 1267 102 1290; x_wconf 88' lang='lat' dir='ltr'>ex</span> <span class='ocrx_word' id='word_1_176' title='bbox 119 1255 228 1290; x_wconf 89' lang='lat' dir='ltr'>media</span> <span class='ocrx_word' id='word_1_177' title='bbox 244 1256 314 1291; x_wconf 87' lang='lat' dir='ltr'>acie</span> <span class='ocrx_word' id='word_1_178' title='bbox 332 1256 508 1298; x_wconf 80' lang='lat' dir='ltr'>Numidas,</span> <span class='ocrx_word' id='word_1_179' title='bbox 524 1256 602 1302; x_wconf 82' lang='lat' dir='ltr'>quia</span> <span class='ocrx_word' id='word_1_180' title='bbox 618 1256 730 1302; x_wconf 83' lang='lat' dir='ltr'>segnis</span> <span class='ocrx_word' id='word_1_181' title='bbox 744 1269 858 1292; x_wconf 88' lang='lat' dir='ltr'>eorum</span> <span class='ocrx_word' id='word_1_182' title='bbox 873 1269 947 1292; x_wconf 89' lang='lat' dir='ltr'>cum</span> <span class='ocrx_word' id='word_1_183' title='bbox 961 1257 1109 1293; x_wconf 89' lang='lat' dir='ltr'>adversis</span> 
     </span>
     <span class='ocr_line' id='line_1_25' title="bbox 58 1306 1108 1354; baseline 0.002 -13"><span class='ocrx_word' id='word_1_184' title='bbox 58 1318 172 1352; x_wconf 84' lang='lat' dir='ltr'>pugna</span> <span class='ocrx_word' id='word_1_185' title='bbox 199 1309 281 1351; x_wconf 84' lang='lat' dir='ltr'>erat,</span> <span class='ocrx_word' id='word_1_186' title='bbox 306 1306 347 1342; x_wconf 86' lang='lat' dir='ltr'>ad</span> <span class='ocrx_word' id='word_1_187' title='bbox 373 1307 619 1353; x_wconf 88' lang='lat' dir='ltr'>persequendos</span> <span class='ocrx_word' id='word_1_188' title='bbox 646 1308 770 1353; x_wconf 86' lang='lat' dir='ltr'>passim</span> <span class='ocrx_word' id='word_1_189' title='bbox 799 1309 967 1354; x_wconf 87' lang='lat' dir='ltr'>fugientes</span> <span class='ocrx_word' id='word_1_190' title='bbox 991 1309 1108 1351; x_wconf 88' lang='lat' dir='ltr'>mittit,</span> 
     </span>
     <span class='ocr_line' id='line_1_26' title="bbox 57 1357 1108 1406; baseline 0.004 -14"><span class='ocrx_word' id='word_1_191' title='bbox 57 1357 228 1403; x_wconf 87' lang='lat' dir='ltr'>Hispanos</span> <span class='ocrx_word' id='word_1_192' title='bbox 247 1361 281 1393; x_wconf 89' lang='lat' dir='ltr'>et</span> <span class='ocrx_word' id='word_1_193' title='bbox 299 1358 412 1393; x_wconf 88' lang='lat' dir='ltr'>Gallos</span> <span class='ocrx_word' id='word_1_194' title='bbox 436 1359 566 1404; x_wconf 86' lang='lat' dir='ltr'>equites</span> <span class='ocrx_word' id='word_1_195' title='bbox 583 1358 675 1394; x_wconf 87' lang='lat' dir='ltr'>Afris</span> <span class='ocrx_word' id='word_1_196' title='bbox 692 1359 762 1405; x_wconf 87' lang='lat' dir='ltr'>jam</span> <span class='ocrx_word' id='word_1_197' title='bbox 778 1372 881 1406; x_wconf 87' lang='lat' dir='ltr'>prope</span> <span class='ocrx_word' id='word_1_198' title='bbox 903 1360 1000 1395; x_wconf 85' lang='lat' dir='ltr'>fessis</span> <span class='ocrx_word' id='word_1_199' title='bbox 1018 1360 1108 1396; x_wconf 86' lang='lat' dir='ltr'>caede</span> 
     </span>
     <span class='ocr_line' id='line_1_27' title="bbox 55 1410 591 1457; baseline 0.004 -13"><span class='ocrx_word' id='word_1_200' title='bbox 55 1410 162 1455; x_wconf 85' lang='lat' dir='ltr'>magis</span> <span class='ocrx_word' id='word_1_201' title='bbox 181 1423 279 1456; x_wconf 87' lang='lat' dir='ltr'>quam</span> <span class='ocrx_word' id='word_1_202' title='bbox 296 1423 408 1457; x_wconf 87' lang='lat' dir='ltr'>pugna</span> <span class='ocrx_word' id='word_1_203' title='bbox 427 1410 591 1457; x_wconf 85' lang='lat' dir='ltr'>adjungit.</span> 
     </span>
    </p>

    <p class='ocr_par' dir='ltr' id='par_1_4' title="bbox 54 1461 1201 1818">
     <span class='ocr_line' id='line_1_28' title="bbox 102 1461 1201 1512; baseline 0.003 -16"><span class='ocrx_word' id='word_1_204' title='bbox 102 1461 205 1496; x_wconf 80' lang='lat' dir='ltr'>Parte</span> <span class='ocrx_word' id='word_1_205' title='bbox 222 1461 326 1497; x_wconf 87' lang='lat' dir='ltr'>altera</span> <span class='ocrx_word' id='word_1_206' title='bbox 342 1474 463 1508; x_wconf 81' lang='lat' dir='ltr'>pugnae</span> <span class='ocrx_word' id='word_1_207' title='bbox 488 1462 623 1506; x_wconf 81' lang='lat' dir='ltr'>Paulus,</span> <span class='ocrx_word' id='word_1_208' title='bbox 642 1474 841 1508; x_wconf 88' lang='lat' dir='ltr'>quamquam</span> <span class='ocrx_word' id='word_1_209' title='bbox 859 1463 966 1508; x_wconf 87' lang='lat' dir='ltr'>primo</span> <span class='ocrx_word' id='word_1_210' title='bbox 989 1465 1103 1499; x_wconf 84' lang='lat' dir='ltr'>statim</span> <span class='ocrx_word' id='word_1_211' title='bbox 1118 1466 1201 1512; x_wconf 85' lang='grc'>(49)</span> 
     </span>
     <span class='ocr_line' id='line_1_29' title="bbox 55 1512 1106 1559; baseline 0.003 -12"><span class='ocrx_word' id='word_1_212' title='bbox 55 1512 172 1558; x_wconf 84' lang='lat' dir='ltr'>proelio</span> <span class='ocrx_word' id='word_1_213' title='bbox 195 1513 299 1548; x_wconf 84' lang='lat' dir='ltr'>sunda</span> <span class='ocrx_word' id='word_1_214' title='bbox 320 1514 467 1559; x_wconf 87' lang='lat' dir='ltr'>graviter</span> <span class='ocrx_word' id='word_1_215' title='bbox 490 1513 578 1548; x_wconf 86' lang='lat' dir='ltr'>ictus</span> <span class='ocrx_word' id='word_1_216' title='bbox 604 1514 723 1558; x_wconf 86' lang='lat' dir='ltr'>fuerat,</span> <span class='ocrx_word' id='word_1_217' title='bbox 744 1517 856 1549; x_wconf 83' lang='lat' dir='ltr'>tamen</span> <span class='ocrx_word' id='word_1_218' title='bbox 880 1517 914 1550; x_wconf 88' lang='lat' dir='ltr'>et</span> <span class='ocrx_word' id='word_1_219' title='bbox 937 1516 1106 1551; x_wconf 85' lang='lat' dir='ltr'>concurrit</span> 
     </span>
     <span class='ocr_line' id='line_1_30' title="bbox 56 1564 1105 1612; baseline 0.004 -14"><span class='ocrx_word' id='word_1_220' title='bbox 56 1574 144 1609; x_wconf 83' lang='lat' dir='ltr'>saepe</span> <span class='ocrx_word' id='word_1_221' title='bbox 167 1575 241 1599; x_wconf 88' lang='lat' dir='ltr'>cum</span> <span class='ocrx_word' id='word_1_222' title='bbox 266 1564 425 1599; x_wconf 85' lang='lat' dir='ltr'>confertis</span> <span class='ocrx_word' id='word_1_223' title='bbox 448 1564 631 1600; x_wconf 86' lang='lat' dir='ltr'>Hannibali</span> <span class='ocrx_word' id='word_1_224' title='bbox 648 1568 682 1600; x_wconf 87' lang='lat' dir='ltr'>et</span> <span class='ocrx_word' id='word_1_225' title='bbox 707 1565 834 1611; x_wconf 82' lang='lat' dir='ltr'>aliquot</span> <span class='ocrx_word' id='word_1_226' title='bbox 850 1566 931 1601; x_wconf 86' lang='lat' dir='ltr'>locis</span> <span class='ocrx_word' id='word_1_227' title='bbox 954 1567 1105 1612; x_wconf 90' lang='lat' dir='ltr'>proelium</span> 
     </span>
     <span class='ocr_line' id='line_1_31' title="bbox 54 1615 1108 1662; baseline 0.004 -13"><span class='ocrx_word' id='word_1_228' title='bbox 54 1615 216 1659; x_wconf 85' lang='lat' dir='ltr'>restituit,</span> <span class='ocrx_word' id='word_1_229' title='bbox 236 1615 490 1662; x_wconf 85' lang='lat' dir='ltr'>protegentibus</span> <span class='ocrx_word' id='word_1_230' title='bbox 512 1628 588 1651; x_wconf 91' lang='lat' dir='ltr'>eum</span> <span class='ocrx_word' id='word_1_231' title='bbox 605 1616 773 1662; x_wconf 88' lang='lat' dir='ltr'>equitibus</span> <span class='ocrx_word' id='word_1_232' title='bbox 792 1617 954 1653; x_wconf 89' lang='lat' dir='ltr'>Romanis</span> <span class='ocrx_word' id='word_1_233' title='bbox 978 1618 1108 1653; x_wconf 88' lang='lat' dir='ltr'>omissis</span> 
     </span>
     <span class='ocr_line' id='line_1_32' title="bbox 54 1667 1108 1715; baseline 0.003 -14"><span class='ocrx_word' id='word_1_234' title='bbox 54 1669 223 1712; x_wconf 87' lang='lat' dir='ltr'>postremo</span> <span class='ocrx_word' id='word_1_235' title='bbox 240 1667 346 1712; x_wconf 87' lang='lat' dir='ltr'>equis,</span> <span class='ocrx_word' id='word_1_236' title='bbox 365 1667 443 1713; x_wconf 88' lang='lat' dir='ltr'>quia</span> <span class='ocrx_word' id='word_1_237' title='bbox 466 1667 636 1702; x_wconf 85' lang='lat' dir='ltr'>consulem</span> <span class='ocrx_word' id='word_1_238' title='bbox 658 1671 692 1703; x_wconf 88' lang='lat' dir='ltr'>et</span> <span class='ocrx_word' id='word_1_239' title='bbox 714 1667 757 1703; x_wconf 86' lang='lat' dir='ltr'>ad</span> <span class='ocrx_word' id='word_1_240' title='bbox 778 1668 962 1714; x_wconf 84' lang='lat' dir='ltr'>regendum</span> <span class='ocrx_word' id='word_1_241' title='bbox 985 1682 1108 1715; x_wconf 90' lang='lat' dir='ltr'>equum</span> 
     </span>
     <span class='ocr_line' id='line_1_33' title="bbox 54 1717 1141 1767; baseline 0.005 -15"><span class='ocrx_word' id='word_1_242' title='bbox 54 1717 142 1753; x_wconf 84' lang='lat' dir='ltr'>vires</span> <span class='ocrx_word' id='word_1_243' title='bbox 159 1718 366 1754; x_wconf 86' lang='lat' dir='ltr'>deficiebant.</span> <span class='ocrx_word' id='word_1_244' title='bbox 416 1719 502 1754; x_wconf 85' lang='lat' dir='ltr'>Tum</span> <span class='ocrx_word' id='word_1_245' title='bbox 531 1719 649 1754; x_wconf 89' lang='lat' dir='ltr'>deinde</span> <span class='ocrx_word' id='word_1_246' title='bbox 677 1719 848 1755; x_wconf 83' lang='lat' dir='ltr'>nuntianti</span> <span class='ocrx_word' id='word_1_247' title='bbox 873 1720 1013 1763; x_wconf 85' lang='lat' dir='ltr'>cuidam,</span> <span class='ocrx_word' id='word_1_248' title='bbox 1037 1722 1141 1767; x_wconf 79' lang='lat' dir='ltr'>jus-2</span> 
     </span>
     <span class='ocr_line' id='line_1_34' title="bbox 55 1768 1108 1818; baseline 0.004 -14"><span class='ocrx_word' id='word_1_249' title='bbox 55 1768 138 1805; x_wconf 76' lang='lat' dir='ltr'>sisse</span> <span class='ocrx_word' id='word_1_250' title='bbox 171 1769 340 1805; x_wconf 73' lang='lat' dir='ltr'>consulem</span> <span class='ocrx_word' id='word_1_251' title='bbox 373 1769 415 1805; x_wconf 86' lang='lat' dir='ltr'>ad</span> <span class='ocrx_word' id='word_1_252' title='bbox 447 1769 548 1816; x_wconf 87' lang='lat' dir='ltr'>pedes</span> <span class='ocrx_word' id='word_1_253' title='bbox 577 1770 780 1807; x_wconf 86' lang='lat' dir='ltr'>descendere</span> <span class='ocrx_word' id='word_1_254' title='bbox 811 1772 953 1818; x_wconf 86' lang='lat' dir='ltr'>equites,</span> <span class='ocrx_word' id='word_1_255' title='bbox 982 1772 1108 1808; x_wconf 81' lang='lat' dir='ltr'>dixisse</span> 
     </span>
    </p>
   </div>
  </div>
 </body>
</html>
