1298 1921
0 0 625 19 ῤ--ᾑ

371 58 460 89 LIB.
486 57 623 88 xxnt.
647 58 699 93 31,
718 59 768 88 32.
1042 57 1101 88 177

54 101 213 131 mamm

52 138 223 180 praetores,
250 144 392 179 quorum
414 132 604 178 jurisdictio
626 134 709 173 erat,
733 130 915 167 tribunalia
935 130 976 166 ad
998 131 1102 166 Pisci-

51 198 128 220 nam
145 184 311 230 publicam
335 188 540 230 posuerunt:
567 195 607 218 eo
630 183 819 218 vadimonia
839 183 911 218 fieri
923 183 1102 229 jusserunt

50 236 162 281 ibique
180 248 219 271 eo
237 247 323 270 anno
335 238 393 280 jus
410 235 536 270 dictum
554 238 616 270 est.

98 287 240 322 Interim
264 286 515 332 Carthaginem,
533 286 623 321 unde
647 287 752 331 Mago
777 285 882 321 frater
899 285 1131 320 Hannibalis4

51 338 227 374 duodecim
254 338 359 373 millia
382 337 534 384 peditum
559 342 593 373 et
618 338 708 373 mille
732 339 935 384 quingentos
959 337 1100 382 equites,

51 390 172 436 viginti
211 389 418 435 elephantos,
453 389 543 424 mille
576 391 709 435 argenti
740 389 869 425 talenta
900 389 936 423 in
969 388 1103 422 Italiam

51 441 308 477 transmissurus
326 444 398 476 erat
415 453 491 476 cum
509 441 663 486 praesidio
685 441 862 486 sexaginta
877 440 1011 475 navium
1030 439 1103 474 lon-

0 525 1 535 ,
51 505 179 540 garum,
197 493 338 528 nuntius
356 492 518 536 adfertur,
535 493 570 527 in
591 493 759 538 Hispania
776 505 845 528 rem
869 491 954 527 male
972 497 1103 537 gestam

51 556 233 590 omnesque
258 544 362 579 ferme
387 546 461 589 ejus
486 544 665 588 provinciae
690 544 831 590 populos
857 544 899 579 ad
930 543 1103 578 Romanos

52 595 224 631 defecisse.
273 595 380 630 Erant
399 596 455 641 qui
472 596 652 641 Magonem
669 608 745 631 cum
759 596 863 631 classe
877 607 916 630 ea
933 596 1102 641 copiisque
1114 604 1132 633 5

52 648 175 682 omissa
190 647 291 682 Italia
306 647 342 682 in
363 647 564 692 Hispaniam
587 650 791 688 averterent,
816 659 920 693 quum
941 646 1103 681 Sardiniae

52 698 251 744 recipiendae
267 699 443 743 repentina
467 710 543 743 spes
569 698 727 733 adfulsit:
755 711 895 743 parvum
915 698 960 733 ibi
978 698 1103 733 exerci-

52 753 127 785 tum
150 750 341 785 Romanum
364 762 457 785 esse:
484 753 634 785 veterem
658 755 837 795 praetorem
861 749 938 785 inde
960 751 1002 785 A.
1022 750 1104 784 Cor-

52 801 177 837 nelium
193 801 373 846 provinciae
394 801 540 846 peritum
558 801 727 844 decedere,
746 813 870 836 novum
893 801 1102 846 exspectari:

53 853 96 888 ad
116 853 180 888 hoc
203 853 309 888 fessos
329 855 401 898 jam
427 857 553 888 animos
579 855 761 888 Sardorum
786 865 859 888 esse
880 852 1103 888 diuturnitate

53 905 195 950 imperii,
219 907 254 940 et
282 905 434 950 proximo
462 904 503 939 iis
531 916 618 939 anno
644 904 761 940 acerbe
790 908 892 949 atque
917 916 1014 940 avare
1043 905 1105 940 im-

53 958 219 1002 peratum,
246 956 341 1002 gravi
364 955 494 991 tributo
526 959 560 991 et
593 956 769 991 collatione
801 956 915 1002 iniqua
943 956 1104 991 frumenti

53 1019 206 1053 pressos:
233 1007 316 1042 nihil
343 1007 458 1042 deesse
484 1007 575 1042 aliud
603 1019 703 1053 quam
729 1010 910 1049 auctorem,
937 1007 979 1042 ad
1006 1019 1104 1053 quem

55 1058 245 1094 deficerent.
286 1059 372 1094 Haec
389 1058 595 1094 clandestina
610 1059 734 1105 legatio
747 1071 807 1104 per
823 1059 990 1105 principes
1003 1059 1104 1093 missa
1115 1068 1133 1098 6

55 1113 127 1145 erat
149 1110 293 1145 maxime
315 1122 389 1145 eam
413 1122 485 1145 rem
510 1110 666 1146 moliente
691 1111 923 1156 Hampsicora,
948 1111 1006 1155 qui
1030 1114 1104 1145 tum

55 1162 258 1197 auctoritate
280 1164 383 1207 atque
405 1161 524 1208 opibus
546 1162 645 1208 longe
662 1163 788 1208 primus
805 1165 887 1198 erat.
939 1162 1005 1197 His
1023 1175 1104 1197 nun·
1118 1173 1134 1203 7

55 1213 112 1248 tiis
144 1225 248 1258 prope
275 1225 343 1248 uno
375 1216 528 1259 tempore
560 1213 688 1249 turbati
722 1214 892 1260 erectique
924 1214 1107 1260 Magonem

55 1276 130 1300 oum
161 1264 266 1299 classe
298 1277 360 1299 sua
388 1265 560 1311 copiisque
592 1265 628 1300 in
659 1266 861 1312 Hispaniam
892 1265 1045 1307 mittunt,
1073 1266 1108 1299 in

57 1315 243 1350 Sardiniam
275 1315 525 1352 Hasdrubalem
557 1316 710 1363 deligunt
743 1317 872 1359 ducem,
907 1319 941 1352 et
973 1320 1108 1352 tantum

55 1366 161 1402 ferme
178 1367 348 1412 copiarum
367 1370 531 1411 quantum
548 1369 688 1414 Magoni
705 1368 900 1404 decernunt.

101 1419 148 1454 Et
178 1419 296 1454 Romae
325 1420 480 1455 consules
509 1420 691 1455 transactis
720 1420 832 1463 rebus,
861 1432 935 1465 quae
962 1419 999 1455 in
1025 1420 1140 1458 urbes

56 1469 193 1516 agendae
225 1473 331 1512 erant,
361 1471 540 1506 movebant
568 1474 640 1517 jam
673 1484 747 1507 sese
776 1471 818 1507 ad
851 1471 985 1507 bellum.
1035 1472 1139 1510 Tib.9

57 1521 273 1567 Sempronius
291 1522 452 1558 militibus
471 1524 663 1558 Sinuessam
682 1524 768 1558 diem
787 1523 829 1558 ad
846 1523 1109 1559 conveniendum
1232 1546 1298 1561 -κ

56 1572 173 1612 edixit,
190 1575 225 1608 et
243 1573 286 1611 Q.
306 1573 430 1609 Fabius
448 1575 603 1610 consulto
621 1575 715 1620 prius
733 1578 863 1617 senatu,
882 1580 921 1609 ut
941 1574 1111 1610 frumenta

57 1636 173 1660 omnes
196 1637 240 1659 ex
262 1627 351 1671 agris
377 1632 455 1661 ante
479 1626 546 1661 kal.
564 1627 586 1661 J
589 1627 684 1662 unias
708 1627 832 1673 primas
856 1627 892 1661 in
913 1626 1014 1661 urbes
1038 1639 1112 1661 mu-

56 1676 145 1711 nitas
167 1676 413 1712 conveherent:
440 1678 498 1724 qui
520 1690 588 1713 non
612 1679 807 1722 invexisset,
833 1680 906 1723 ejus
932 1690 968 1713 se
993 1690 1111 1724 agrum

56 1727 309 1774 populaturum,
337 1741 450 1764 servos
476 1730 539 1765 sub
563 1730 661 1765 hasta
685 1730 912 1772 venditurum,
941 1728 1035 1764 villas
1064 1730 1111 1764 in-

57 1791 246 1814 censurum.
289 1780 344 1815 Ne
358 1781 558 1825 praetoribus
576 1781 720 1827 quidem,
734 1783 790 1828 qui
805 1781 847 1816 ad
860 1782 916 1827 jus
934 1780 1110 1816 dicendum
1128 1789 1166 1818 10

108 1844 164 1862 LIV.
179 1844 250 1863 RIST.
265 1844 302 1862 11.
567 1844 590 1867 N
