1298 1921
170 31 231 60 162
411 29 448 60 Τ.
474 28 594 60 LIVII
618 28 952 59 HISTORIARUM

167 106 202 139 et
234 103 452 149 quinquennii
483 103 612 139 militiae
635 103 842 139 vacationem
876 70 1217 140 decrevitzmc'ixc'itirltsse

135 163 270 202 3quum
297 155 501 190 donarentur
526 155 567 190 ob
594 155 764 198 virtutem,
787 167 854 190 non
877 159 1103 190 mutaverunt.
1153 157 1217 191 Pe·
1267 151 1269 184 ἶ

165 208 356 242 rusinorum
378 219 475 242 casus
496 206 668 242 obscurior
692 207 780 241 fama
804 210 868 248 est,
887 207 964 252 quia
983 219 1045 242 nec
1068 208 1216 252 ipsorum
1268 205 1269 223 ³

165 261 382 294 monumento
396 258 463 293 ullo
477 262 528 293 est
542 258 730 292 illustratus
747 270 808 293 nec
825 258 959 293 decreto
977 259 1216 293 Romanorum.
1268 270 1269 281 ¹

135 317 156 346 4
211 310 339 345 Eodem
362 313 512 355 tempore
535 309 714 353 Petelinos,
739 309 795 355 qui
818 310 876 344 uni
897 322 938 344 ex
962 310 1109 345 Bruttiis
1127 323 1216 344 man-

166 364 278 397 serant
296 362 330 396 in
353 361 499 396 amicitia
517 362 678 403 Romana,
698 373 764 395 non
787 356 1080 407 Carthaginienses
1106 362 1214 403 modo,

166 413 224 458 qui
240 413 410 458 regionem
435 412 642 454 obtinebant,
662 412 720 447 sed
745 412 874 446 Bruttii
891 425 1022 458 quoque
1045 413 1157 448 caeteri
1174 413 1215 447 ob

135 467 319 509 §separata
351 464 391 499 ab
417 476 452 498 se
478 464 615 499 consilia
646 463 895 509 oppugnabant.
946 464 1078 502 Quibus
1112 477 1213 509 quum

165 515 328 550 obsistere
352 515 447 550 malis
472 516 650 561 nequirent
674 515 829 555 Petelini,
852 515 981 560 legatos
1008 516 1147 550 Romam
1174 515 1215 550 ad

130 572 151 603 6
165 566 355 613 praesidium
378 566 560 612 petendum
586 567 759 601 miserunt.
809 567 962 604 Quorum
986 579 1100 611 preces
1122 567 1215 601 lacri-

164 618 376 664 maeque—in
400 621 539 664 questus
569 618 657 653 enim
690 618 827 659 flebiles,
855 631 958 662 quum
985 618 1117 652 sibimet
1151 619 1215 663 ipsi

165 669 338 705 consulere
360 670 447 715 jussi
472 672 561 713 sunt,
583 682 655 704 sese
681 670 716 704 in
741 669 906 704 vestibulo
932 670 1033 704 cin-ize
1059 670 1215 715 profude-

164 720 462 767 runt—ingentem
486 721 745 756 misericordiam
772 721 922 766 patribus
946 733 983 756 ac
1007 722 1129 766 populo
1147 733 1215 755 mo·

164 774 307 808 verunt:
345 772 556 818 consultique
582 772 705 807 iterum
734 784 753 806 a
781 772 842 806 M’.
860 772 1044 817 Pomponio
1074 776 1215 817 praetore

165 827 278 870 patres
311 824 562 869 circumspectis
601 823 755 858 omnibus
788 824 920 868 imperii
959 823 1084 858 viribus
1119 823 1216 858 fateri

165 877 284 918 coacti,
308 875 391 910 nihil
412 876 481 921 jam
507 875 698 921 longinquis
722 876 819 910 sociis
844 876 879 910 in
906 888 940 910 se
966 875 1111 920 praesidii
1132 888 1214 917 esse,

164 927 273 962 redire
302 927 436 962 domum
465 926 595 972 fideque
625 926 666 961 ad
692 926 846 961 ultimum
880 927 1012 971 expleta
1045 927 1217 961 consulere

166 978 299 1014 sibimet
323 980 415 1024 ipsos
440 979 475 1013 in
499 978 665 1024 reliquum
691 978 849 1023 praesenti
874 978 1009 1012 fortuna
1029 981 1216 1023 jusserunt.

132 1033 151 1068 7
167 1032 251 1066 Haec
273 1034 450 1076 postquam
475 1031 667 1065 renuntiata
687 1031 813 1075 legatio
836 1031 997 1065 Petelinis
1021 1034 1083 1072 cst,
1101 1034 1217 1065 tantus

164 1084 303 1127 repente
326 1094 444 1116 maeror
463 1093 633 1127 pavorque
654 1086 808 1116 senatum
830 1094 945 1116 eorum
970 1082 1069 1127 cepit,
1087 1086 1125 1116 ut
1144 1094 1218 1127 pars

165 1133 380 1179 profugiendi
412 1146 478 1178 qua
511 1133 652 1179 quisque
685 1136 799 1178 posset
832 1145 870 1168 ac
904 1133 1094 1168 deserendae
1128 1133 1219 1167 urbis

165 1187 320 1220 auctores
345 1188 468 1226 essent,
488 1197 575 1230 pars,
594 1184 726 1230 quando
750 1184 875 1220 deserti
893 1198 911 1219 a
935 1185 1103 1219 veteribus
1122 1185 1219 1219 sociis

165 1239 289 1278 essent,
317 1236 521 1282 adjungendi
547 1248 583 1270 se
608 1236 738 1271 caeteris
763 1236 910 1271 Bruttiis
936 1249 974 1271 ac
1000 1249 1058 1281 per
1083 1248 1139 1270 eos
1165 1236 1221 1270 de-

134 1294 154 1324 8
167 1288 266 1323 dendi
284 1287 479 1323 Hannibali.
529 1287 622 1322 Vicit
636 1291 749 1322 tamen
765 1300 803 1322 ea
821 1300 897 1332 pars
912 1301 984 1333 quie
1002 1287 1083 1321 nihil
1098 1287 1220 1332 raptim

166 1352 228 1375 nec
256 1343 382 1374 temere
406 1339 573 1385 agendum
595 1338 903 1384 consulendumque
925 1339 965 1373 de
989 1339 1121 1384 integro
1145 1351 1222 1373 cen-

167 1392 237 1426 suit
253 1406 260 1425 :
287 1404 323 1426 re
341 1391 453 1426 laxata
470 1396 605 1436 postero
623 1390 676 1425 die
700 1403 758 1436 per
777 1391 936 1425 minorem
964 1390 1221 1436 trepidationem

167 1444 350 1477 tenuerunt
383 1442 574 1488 optimates,
604 1447 643 1476 ut
676 1442 846 1477 convectis
879 1442 1033 1476 omnibus
1062 1454 1104 1476 ex
1132 1441 1221 1487 agris

167 1493 284 1528 urbem
303 1505 341 1528 ac
359 1506 471 1528 muros
491 1493 671 1527 firmarent.

76 1540 156 1582 (21)
214 1546 282 1580 Per
305 1545 394 1580 idem
416 1545 485 1580 sere
505 1548 639 1590 tempus
663 1545 784 1580 litterae
810 1557 851 1579 ex
876 1544 987 1579 Sicilia
1005 1544 1222 1588 Sardiniaque

169 1597 313 1632 Romam
332 1596 462 1631 adlatae.
512 1597 645 1631 Priores
669 1608 712 1631 ex
735 1596 846 1631 Sicilia
863 1596 901 1631 Τ.
920 1596 1056 1631 Otacilii
1077 1607 1221 1641 proprae-

167 1648 252 1683 toris
281 1648 314 1683 in
345 1651 462 1682 senatu
498 1648 647 1682 recitatae
675 1651 774 1682 sunt:
813 1647 852 1682 P.
872 1647 1014 1682 Furium
1046 1650 1222 1692 praetorem

167 1711 243 1735 cum
262 1699 367 1734 classe
385 1712 428 1734 ex
451 1699 566 1734 Africa
584 1699 771 1745 Lilybaeum
795 1698 925 1733 venisse
943 1712 949 1733 :
979 1699 1089 1744 ipsum
1114 1697 1222 1743 gravi-

166 1754 219 1787 tcr
244 1751 395 1786 saucium
418 1752 451 1786 in
477 1750 667 1786 discrimine
691 1750 810 1785 ultimo
833 1750 910 1785 vitae
935 1762 1027 1785 esse:
1061 1750 1159 1784 militi
1185 1760 1222 1783 ae
