1298 1921
394 64 484 96 LIB.
507 65 623 96 XXII.
648 66 699 102 49,
718 66 768 96 50.
1055 66 1112 96 121

65 111 97 134 A.
112 110 139 134 c.
155 107 227 142 216.]

63 155 140 177 cum
173 140 390 187 septuaginta
422 139 491 174 fere
524 139 694 185 equitibus
729 139 912 174 Venusiam
953 138 1114 185 perfugit.

64 192 298 237 Quadraginta
315 191 462 237 quinque
486 191 588 225 millia
605 190 781 236 quingenti
802 190 941 236 pedites,
959 190 1025 225 duo
1044 190 1116 224 mil-

64 243 107 279 lia
123 243 330 288 septingenti
348 242 488 287 equites,
508 246 542 276 et
558 244 655 276 tanta
672 253 774 287 prope
795 241 916 276 civium
936 241 1116 276 sociorum-

64 307 129 340 que
150 306 238 339 pars,
262 292 339 328 caesi
364 292 545 327 dicuntur:
572 293 607 327 in
632 292 683 327 his
706 292 802 327 ambo
825 293 1000 327 consulum
1028 304 1117 338 quae-

65 349 181 386 stores,
216 344 256 379 L.
275 343 401 378 Atilius
435 348 468 378 et
501 343 541 378 L.
561 343 683 378 Furius
710 343 903 387 Bibaculus,
933 346 967 378 et
996 342 1118 389 viginti

64 408 151 430 unus
168 395 296 430 tribuni
312 395 466 437 militum,
486 394 676 429 consulares
695 394 828 440 quidam
851 394 1065 440 praetoriique
1083 397 1117 428 et

64 446 329 482 atdflicn-intcr
355 457 411 480 eos
438 445 499 480 Cn.
519 445 696 480 Servilium
723 445 901 480 Geminum
927 448 961 480 et
984 445 1035 480 M.
1053 445 1118 479 Mi-

64 498 198 534 nucium
225 500 413 538 numerant,
441 497 498 543 qui
522 497 682 542 magister
707 498 858 543 equitum
887 497 997 542 priore
1030 508 1118 530 anno

65 549 191 594 aliquot
212 548 306 583 annis
327 552 404 583 ante
427 548 543 583 consul
566 548 675 583 fuerat
687 568 741 589 —‚
761 550 935 594 octoginta
956 551 1120 593 praeterea

65 604 124 636 aut
141 603 311 635 senatores
334 602 392 634 aut
410 598 467 644 qui
492 611 547 634 eos
571 599 787 645 magistratus
810 600 1004 645 gessissent,
1029 598 1117 633 unde

65 651 99 686 in
123 654 276 686 senatum
298 650 365 696 legi
390 650 559 692 deberent,
585 662 687 695 quum
713 663 773 685 sua
796 651 969 685 voluntate
994 650 1116 684 milites

65 703 98 737 in
117 702 303 748 legionibus
322 702 402 736 facti
426 705 548 736 essent.
599 701 708 747 Capta
724 714 763 736 eo
787 702 901 747 proelio
926 702 993 736 tria
1015 701 1115 735 millia
1129 705 1147 733 8

66 753 217 800 peditum
239 756 273 788 et
296 753 426 798 equites
449 753 538 787 mille
558 755 593 787 et
616 753 792 798 quingenti
815 746 1211 789 dicuntur.—Haec(50)

67 810 118 839 est
146 817 257 850 pugna
280 803 475 845 Cannensis,
500 803 628 838 Aliensi
651 804 736 839 eladi
758 804 933 839 nobilitate
959 816 1029 850 par,
1055 816 1117 839 cae-

67 859 179 890 terum
204 858 242 890 ut
267 855 343 897 illis,
363 867 436 900 quae
459 858 535 900 post
560 867 707 901 pugnam
733 855 890 897 accidere,
910 855 1022 896 levior,
1042 855 1120 901 quia

68 907 109 942 ab
142 907 238 941 hoste
267 909 317 941 est
354 909 534 949 cessatum,
564 906 612 940 sie
641 909 754 952 strage
787 906 954 941 exercitus
988 907 1120 952 gravior

68 958 270 1004 foediorque:
297 957 377 1003 fuga
400 969 542 1002 namque
565 956 607 991 ad
629 957 738 992 Aliam
761 957 849 992 sicut
870 957 989 993 urbem
1011 957 1119 1003 prodi-

69 1009 128 1049 dit,
147 1009 194 1044 ita
219 1009 402 1044 exercitum
425 1007 589 1043 servavit:
616 1008 658 1042 ad
681 1009 809 1043 Cannas
834 1009 1021 1055 fugientem
1044 1021 1120 1043 con-

69 1061 176 1096 sulem
200 1061 255 1095 vix
280 1060 495 1105 septuaginta
517 1059 651 1104 sequuti
674 1063 763 1102 sunt,
788 1060 925 1095 alterius
946 1060 1120 1095 morientis

70 1124 175 1157 prope
192 1114 286 1146 totus
304 1111 474 1145 exercitus
492 1110 568 1144 fuit.

116 1163 211 1197 Binis
229 1162 264 1197 in
276 1161 395 1197 eastris
414 1174 518 1207 quum
536 1160 717 1196 multitudo
740 1162 923 1197 semiermis
941 1162 1011 1197 sine
1030 1162 1120 1197 duci·
1133 1166 1151 1195 2

70 1214 133 1249 bus
166 1217 265 1256 esset,
297 1213 453 1248 nuntium
487 1212 545 1258 qui
573 1213 608 1247 in
635 1213 815 1259 majoribus
845 1217 939 1249 erant
968 1214 1119 1257 mittunt,

71 1266 149 1301 dum
176 1265 340 1312 proelium,
363 1264 481 1300 deinde
507 1277 548 1299 ex
570 1264 689 1300 laetitia
714 1266 821 1311 epulis
844 1267 1002 1312 fatigatos
1027 1267 1120 1313 quies

70 1322 235 1353 nocturna
262 1317 376 1352 hostes
406 1318 580 1362 premeret,
612 1320 651 1351 ut
683 1317 725 1351 ad
753 1330 788 1352 se
817 1319 1019 1353 transirent:
1053 1330 1121 1352 uno

71 1370 202 1415 agmine
225 1369 406 1405 Canusium
431 1368 581 1404 abituros
604 1381 688 1404 esse.
737 1370 821 1404 Eam
844 1371 1045 1405 sententiam
1068 1370 1123 1405 alii
1137 1373 1155 1402 3

71 1424 178 1456 totam
196 1420 384 1466 aspernari:
412 1432 472 1454 cur
495 1419 582 1454 enim
600 1419 683 1462 illos,
703 1420 758 1466 qui
777 1433 812 1456 se
835 1425 1014 1464 arcessant,
1031 1422 1123 1467 ipsos

71 1485 139 1508 non
152 1472 273 1513 venire,
287 1484 389 1517 quum
403 1483 496 1517 aeque
513 1471 672 1516 conjungi
689 1473 852 1517 possent?
872 1473 958 1515 Quia
970 1473 1123 1508 videlieet

72 1524 171 1570 plena
183 1523 331 1558 hostium
342 1523 451 1557 omnia
464 1522 498 1556 in
510 1522 618 1557 medio
632 1526 744 1558 essent
756 1526 790 1558 et
804 1524 940 1559 aliorum
954 1537 1052 1570 quam
1064 1537 1125 1560 sua

72 1587 211 1621 corpora
227 1577 323 1610 tanto
347 1573 494 1619 periculo
510 1573 646 1608 mallent
664 1573 817 1619 objicere.
867 1575 953 1610 Aliis
971 1588 1037 1610 non
1054 1579 1123 1611 tam
1137 1577 1157 1607 4

73 1626 240 1661 sententia
265 1625 438 1671 displicere
460 1637 559 1670 quam
582 1625 711 1660 animus
734 1625 858 1661 deesse.
909 1627 947 1662 P.
973 1627 1155 1673 Sempro-5

72 1678 148 1713 nius
166 1677 353 1712 Tuditanus
370 1675 525 1711 tribunus
550 1676 694 1710 militum
715 1680 735 1694 “
747 1677 830 1722 Capi
847 1690 927 1724 ergo
943 1678 1123 1713 mavultis”

73 1729 182 1774 inquit
196 1730 214 1747 ‘⁶
226 1728 266 1763 ab
284 1727 523 1764 avarissimoet
538 1727 765 1763 crudelissimo
779 1729 884 1771 hoste,
900 1730 1124 1775 aestimarique

74 1780 185 1826 capita
201 1782 312 1815 vestra
328 1782 362 1814 et
385 1778 517 1824 exquiri
539 1779 648 1823 pretia
670 1779 710 1814 ab
732 1779 1031 1826 interrogantibus,
1056 1781 1124 1816 Ro-
