1298 1921
410 17 501 48 LIB.
524 17 641 48 XXII.
668 17 802 49 16—19.
1070 16 1109 47 87

61 57 224 92 A.c.21'1.]

58 92 283 137 superassent,
309 91 374 126 nisi
397 91 630 137 Hispanorum
655 90 772 126 cohors
801 89 843 125 ad
867 89 901 125 id
925 90 1035 135 ipsum
1059 100 1112 131 re-

58 143 159 177 missa
182 142 223 178 ab
248 142 440 178 Hannibale
469 143 688 188 pervenisset.
737 142 789 177 Ea
817 141 988 176 adsuetior
1015 149 1142 178 mon-3

57 193 149 229 tibus
167 197 201 228 et
218 193 257 228 ad
278 193 541 229 concursandum
559 193 646 229 inter
663 205 746 228 saxa
762 204 928 239 rupesque
946 191 1055 238 aptior
1072 203 1111 226 ac

57 245 161 280 levior
183 256 317 290 quoque
341 257 444 290 quum
461 244 639 280 velocitate
656 257 832 290 corporum
850 248 922 278 tum
941 255 1109 278 armorum

57 295 175 331 habitu
187 298 407 341 campestrem
424 295 739 342 hostem—gravem
752 295 852 330 armis
866 294 1110 339 statariumque

56 359 224 393 ——pugnae
237 359 358 393 genere
373 346 468 381 facile
481 346 591 382 elusit.
618 347 674 382 Ita
687 346 942 392 haudquaquam
956 344 1028 391 pari
1041 357 1110 380 cer·
1124 345 1145 375 4

57 399 181 433 tamine
199 398 350 444 digressi,
370 398 515 444 Hispani
533 398 602 433 fere
619 410 733 433 omnes
754 397 946 440 incolumes,
964 395 1111 432 Romani

57 449 183 495 aliquot
201 450 270 484 suis
288 450 417 484 amissis
435 449 470 484 in
486 452 596 484 castra
613 448 869 484 contenderunt.

104 500 227 536 Fabius
251 513 384 546 quoque
405 500 511 535 movit
533 504 644 535 castra
663 503 963 546 transgressusque
987 497 1108 533 saltum
1123 503 1142 533 5

57 564 160 596 super
184 551 303 586 Allifas
328 551 401 587 loco
426 551 494 586 alto
518 563 556 586 ac
579 552 709 586 munito
733 550 895 586 consedit.
945 549 1030 584 Tum
1051 556 1143 595 per6

58 603 228 638 Samnium
252 603 395 638 Romam
420 614 455 637 se
480 606 594 648 petere
620 602 781 637 simulans
807 601 980 637 Hannibal
1003 612 1110 646 usque

57 654 92 688 in
109 655 267 700 Pelignos
289 653 547 699 populabundus
571 654 670 688 rediit
688 666 695 688 :
720 653 846 689 Fabius
868 652 997 688 medius
1021 651 1110 686 inter

56 705 205 740 hostium
230 717 350 751 agmen
379 705 562 750 urbemque
587 705 729 740 Romam
761 705 855 750 jugis
881 703 1025 739 ducebat
1047 715 1110 738 nec

57 756 221 792 absistens
246 768 307 792 nec
331 755 560 802 congrediens.
611 756 665 790 Ex
689 756 839 799 Pelignis
863 755 988 790 Poenus
1013 754 1142 791 flexit?

56 808 122 843 iter
149 811 306 854 retroque
329 807 487 853 Apuliam
519 810 675 853 repetens
709 806 911 842 Gereonium
943 805 1107 851 pervenit,

56 859 173 894 urbem
197 862 301 901 metu,
328 858 406 904 quia
431 858 575 904 collapsa
602 858 706 893 ruinis
739 870 816 904 pars
841 857 999 892 moenium
1027 859 1109 900 erat,

55 910 99 945 ab
128 911 197 945 suis
226 909 402 945 desertam.
451 910 609 945 Dictator
637 910 673 944 in
700 909 861 944 Larinate
890 920 971 955 agro
1000 911 1143 943 castra8

56 961 262 996 communiit.
312 961 397 996 Inde
425 973 595 996 sacrorum
624 973 725 996 eausa
753 961 895 995 Romam
923 962 1111 1001 revocatus,

56 1025 123 1048 non
139 1013 280 1058 imperio
297 1012 396 1047 modo
413 1012 473 1047 sed.
494 1012 632 1047 consilio
655 1012 756 1047 etiam
774 1024 812 1047 ac
834 1023 937 1058 prope
955 1009 1110 1056 precibus

56 1076 159 1109 agens
188 1076 264 1099 cum
291 1063 453 1110 magistro
481 1064 643 1109 equitum,
670 1067 709 1098 ut
740 1063 815 1109 plus
845 1062 983 1098 consilio
1011 1074 1110 1108 quam

56 1116 201 1150 fortunae
233 1115 378 1151 confidat
404 1118 438 1150 et
468 1127 504 1150 se
533 1114 645 1160 potius
674 1114 791 1150 ducem
823 1127 921 1161 quam
957 1114 1110 1158 Sempro-

55 1167 148 1202 nium
177 1166 445 1211 Flaminiumque
474 1166 647 1201 imitetur:
681 1178 723 1201 ne
748 1165 830 1200 nihil
855 1168 967 1200 actum
996 1175 1111 1199 cense-

55 1221 108 1254 ret
136 1221 289 1253 extracta
319 1230 423 1264 prope
448 1220 566 1253 aestate
598 1230 657 1263 per
688 1217 946 1253 ludificationem
981 1215 1109 1250 hostis:

55 1269 201 1305 medicos
226 1281 358 1316 quoque
386 1269 461 1315 plus
486 1268 656 1304 interdum
681 1269 793 1314 quiete
821 1281 920 1314 quam
946 1266 1110 1302 movendo

55 1324 157 1367 atque
190 1321 319 1367 agendo
352 1321 537 1366 proficere:
570 1319 660 1355 haud
694 1333 831 1366 parvam
864 1332 935 1354 rem
967 1331 1040 1354 esse
1068 1318 1110 1353 ab

55 1372 180 1407 totiens
202 1372 329 1408 victore
352 1372 450 1407 hoste
475 1372 564 1407 vinci
587 1371 724 1414 desisse,
751 1371 792 1407 ab
816 1370 984 1406 continuis
1009 1369 1111 1405 cladi-

55 1423 119 1459 bus
136 1424 328 1469 respirasse.
379 1424 466 1459 Haec
487 1423 709 1469 nequicquam
735 1422 932 1468 praemonito
948 1422 1109 1468 magistro
1124 1432 1144 1462 9

55 1475 208 1521 equitum
225 1475 369 1510 Romam
386 1478 438 1514 est
456 1474 639 1520 profectus.

101 1526 272 1572 Principio
294 1525 433 1568 aestatis,
460 1538 526 1570 qua
550 1525 620 1560 haec
645 1524 858 1572 gerebantur,
884 1525 920 1560 in
943 1524 1111 1570 Hispania
1123 1527 1204 1572 (19)

55 1590 188 1624 quoque
205 1580 296 1613 terra
316 1577 466 1623 marique
488 1580 636 1622 coeptum
659 1576 783 1612 bellum
804 1579 867 1611 est.
916 1575 1111 1611 Hasdrubal
1125 1587 1144 1616 2

55 1629 98 1664 ad
126 1641 203 1664 eum
231 1629 367 1664 navium
395 1640 582 1673 numerum,
610 1640 709 1674 quem
733 1640 753 1662 a
777 1628 881 1663 fratre
905 1627 1111 1662 instructum

55 1684 275 1726 paratumque
298 1683 482 1726 acceperat,
503 1679 617 1715 decem
640 1679 782 1726 adjecit:
809 1678 1031 1725 quadraginta
1052 1691 1111 1713 na—

56 1732 148 1767 vium
176 1731 316 1768 classem
345 1731 533 1768 Himilconi
561 1730 677 1774 tradit,
702 1734 804 1777 atque
830 1731 879 1766 ita
907 1729 1112 1776 Carthagine
