1298 1921
161 77 222 108 172
406 76 443 106 Τ.
469 75 588 106 LIVII
614 75 949 106 HISTORIARUM

1062 118 1213 143 A.c.216.'

159 151 233 186 dein
260 162 326 184 uno
352 149 533 195 codemque
567 149 619 184 die
645 149 736 185 velut
761 162 802 185 ex
831 150 1014 196 composito
1040 117 1209 196 iitriinqne

160 202 293 247 signum
312 214 431 246 pugnae
449 201 657 246 propositum
680 204 743 240 est,
761 204 860 247 atque
878 201 1029 236 omnibus
1047 202 1150 247 copiis
1176 201 1211 236 in

125 259 144 287 2
162 266 314 298 campum
332 252 527 287 descensum
545 255 607 286 est.
656 252 793 298 Triplex
819 253 913 287 stetit
932 253 1083 288 Romana
1101 253 1186 288 acies
1202 268 1209 287 ι

162 304 301 339 velitum
320 316 394 349 pars
412 304 500 338 iuter
524 303 760 348 antesignanos
779 303 897 345 locata,
917 317 994 349 pars
1017 308 1091 350 post
1116 304 1212 347 signa

129 357 311 401 3aceepta‚
340 355 469 401 equites
503 367 627 389 cornua
655 355 798 390 cinxere.
847 355 1040 390 Hasdrubal
1072 355 1212 389 mediani

163 407 267 441 aciem
302 407 464 452 Hispanis
501 407 631 440 firmat:
673 406 707 440 in
740 406 906 448 cornibus,
941 406 1058 441 dextro
1091 406 1212 440 Poenos

163 458 261 499 locat,
284 458 367 492 laevo
393 458 494 492 Afros
520 457 863 502 mercenariorumque
887 457 1029 492 auxilia:
1063 457 1212 502 equitum

165 509 331 544 Numidas
357 509 535 543 Poenorum
562 508 742 553 peditibus,
760 512 897 543 caeteros
920 509 1012 543 Afris
1029 521 1089 553 pro
1110 507 1214 542 corni-

133 560 227 595 4bus
261 560 407 606 apponit.
457 560 531 594 Nec
563 571 677 594 omnes
710 559 867 594 Numidae
899 560 934 594 in
966 559 1084 594 dextro
1115 559 1216 593 locati

165 624 279 653 cornu,
299 611 357 646 sed
380 611 500 656 quibus
526 610 732 645 desultorum
757 611 792 646 in
809 611 943 645 modum
966 611 1061 646 binos
1084 611 1216 645 trahen-

165 663 256 698 tibus
278 675 381 707 equos
399 662 486 697 inter
509 663 700 696 acerrimam
724 675 811 707 saepe
828 675 973 708 pugnam
991 662 1026 696 in
1048 668 1215 696 recentem

166 727 290 759 equum
319 726 362 748 ex
390 714 479 748 fesso
506 714 642 748 armatis
670 714 873 748 transultare
902 726 972 748 mos
1002 716 1097 748 erat:
1123 716 1218 746 tanta

134 768 151 796 5
168 765 325 800 velocitas
339 765 420 810 ipsis·
434 768 568 810 tamque
580 764 684 799 docile
698 777 857 811 equorum
870 777 976 810 genus
990 767 1052 799 est.
1102 764 1219 801 Quum

167 818 231 852 hoc
269 817 366 851 modo
402 817 560 852 instructi
599 820 737 859 starent,
770 818 1008 863 imperatorum
1041 817 1218 861 utriusque

168 869 273 915 partis
292 868 380 903 haud
398 868 501 903 ferme
524 868 675 913 dispares
694 881 768 914 spes
794 873 898 909 erant,
917 880 993 902 nani
1011 880 1052 902 ne
1074 866 1219 901 multum

169 920 303 965 quidem
322 923 380 954 aut
401 931 538 954 nurnero
556 922 613 953 aut
632 932 753 965 genere
775 919 919 954 militum
936 919 970 953 hi
994 921 1051 953 aut
1069 918 1115 952 illi
1138 930 1220 963 prze-

137 975 156 1005 6
170 971 315 1006 stabant.
364 970 532 1005 Militibus
550 970 648 1015 longe
666 970 777 1016 dispar
798 971 926 1004 animus
944 972 1031 1004 erat:
1058 968 1221 1003 Romanis

169 1023 268 1064 cuim,
287 1034 487 1068 quamquam
508 1021 623 1067 procul
642 1034 660 1056 a
685 1022 793 1067 patria
810 1024 1008 1066 pugnarent,
1026 1020 1121 1054 facile
1146 1032 1222 1065 per-

170 1076 345 1108 suaserant
378 1073 479 1108 duces
512 1085 572 1118 pro
605 1073 707 1107 Italia
738 1076 838 1119 atque
872 1072 953 1107 urbe
988 1073 1137 1106 Romana
1165 1082 1221 1105 eos

169 1137 342 1170 pugnare:
369 1124 492 1170 itaque,
523 1123 615 1159 velut
645 1124 765 1170 quibus
792 1123 919 1158 reditus
945 1123 980 1157 in
1012 1122 1152 1168 patriam
1183 1133 1222 1155 eo

171 1176 359 1210 discrimine
377 1187 500 1221 pugnae
526 1178 725 1217 verteretur,
742 1175 993 1210 obstinaverant
1011 1173 1127 1208 animis
1152 1172 1224 1206 vin-

139 1231 157 1265 7
172 1239 246 1262 cere
263 1230 321 1262 aut
345 1227 439 1261 mori.
489 1227 605 1261 Minus
628 1227 815 1272 pertinaces
840 1226 928 1260 viros
952 1225 1095 1260 habebat
1120 1223 1225 1258 altera

172 1279 281 1313 acies:
315 1291 391 1312 nam
422 1279 565 1312 maxima
589 1290 665 1323 pars
696 1278 839 1323 Hispani
864 1279 969 1318 erant,
996 1276 1053 1321 qui
1078 1275 1166 1310 vinci
1191 1275 1226 1309 in

172 1331 339 1376 Hispania
379 1343 476 1376 quaxn
511 1330 655 1365 victores
693 1330 728 1364 in
760 1330 894 1364 Italiam
926 1329 1015 1364 trahi
1046 1327 1224 1362 malebant.

141 1387 159 1416 8
173 1382 285 1416 Primo
308 1382 413 1428 igitur
437 1394 611 1423 concursu,
634 1394 735 1426 quum
758 1381 814 1415 vix
838 1381 906 1426 pila
930 1380 1081 1425 conjecta
1103 1381 1226 1421 essent,
1276 1411 1279 1426 ἓ

173 1433 305 1468 rettulit
334 1433 451 1478 pedem
484 1433 592 1468 media
621 1434 707 1467 acies
732 1432 1020 1476 inferentibusque
1045 1443 1080 1465 se
1105 1441 1226 1474 magno
1276 1438 1279 1468 ’ῑ

142 1485 302 1530 9i1npetu
320 1485 482 1519 Romanis
500 1484 603 1519 vertit
621 1487 728 1528 terga.
778 1483 894 1518 Nihilo
917 1482 1052 1526 segnius
1071 1480 1227 1516 cornibus

174 1537 325 1584 proelium
345 1537 429 1571 fuit:
456 1537 533 1571 hinc
556 1537 679 1571 Poenus
697 1536 774 1570 hinc
795 1536 878 1570 Afer
895 1540 1004 1580 urget,
1024 1537 1058 1568 ct
1083 1532 1176 1567 velut
1193 1532 1228 1566 in

175 1589 419 1624 circumventos
452 1588 569 1634 proelio
602 1587 739 1632 ancipiti
763 1589 935 1632 pugnant:
971 1584 1029 1620 sed
1061 1597 1165 1628 quum
1195 1583 1229 1617 in
1278 1611 1279 1615 ,

175 1639 320 1674 medium
337 1641 411 1674 tota
423 1641 492 1683 jain
517 1640 642 1674 coisset
659 1639 812 1673 Romana
835 1638 932 1678 acies,
952 1636 1033 1671 satis
1050 1635 1171 1670 virium
1188 1634 1230 1669 ad
1278 1666 1279 1670 ,

123 1690 374 1732 10di1novenda
399 1690 546 1725 hostium
579 1702 704 1724 cornua
733 1689 862 1724 habuit.
910 1688 967 1723 Ita
1000 1687 1066 1721 duo
1099 1686 1230 1720 diversa
1278 1683 1280 1692 ’

177 1741 292 1788 proelia
313 1744 430 1776 erant:
457 1744 600 1787 utroque
626 1740 780 1782 Romani,
799 1743 837 1774 ut
856 1739 911 1785 qui
929 1738 1034 1785 pulsis
1056 1737 1124 1782 jam
1150 1741 1227 1770 ante

176 1792 294 1829 mediis
316 1796 351 1828 et
373 1805 512 1828 numero
537 1795 571 1828 et
592 1792 710 1827 robore
733 1791 880 1826 virorum
906 1790 1115 1836 praestarent,
1140 1786 1229 1822 haud
1280 1810 1281 1837 ᾗ
