1298 1921
171 44 232 77 248
426 44 464 74 T.
488 44 605 74 LIVII
634 45 965 76 HISTORIARUM
1130 89 1135 98 Ι

168 118 277 153 minus
310 118 376 153 tria
407 118 509 153 millia
541 118 683 153 militum
715 119 750 154 in
782 120 901 155 castris
936 123 993 155 aut
1031 87 1218 166 calfit-{Zia

168 170 296 204 occisa:
331 169 407 214 plus
432 172 544 204 tamen
570 170 740 205 hominum
765 171 933 217 aliquanto
960 174 1095 216 captum
1120 184 1218 217 quain

117 223 156 253 12
169 232 291 255 caesum
323 224 386 255 est.
446 220 574 255 Castris
607 220 745 266 direptis
777 222 999 267 Apolloniatae
1031 223 1217 267 catapultas

167 271 302 306 balistas
327 274 560 317 tormentaque
585 272 659 314 alia,
686 285 759 317 quae
783 273 1013 319 oppugnandae
1036 274 1110 308 urbi
1133 286 1218 308 coln-

165 326 284 368 parata
308 326 413 366 erant,
432 323 472 357 ad
499 323 624 358 tuenda
648 324 777 365 moenia,
805 325 832 359 si
857 325 988 370 quando
1013 326 1129 360 similis
1155 326 1218 359 for-

165 378 248 409 tuna
265 376 421 415 venisset,
438 375 649 419 Apolloniam
668 374 838 412 devexere,
853 378 973 410 caetera
989 377 1095 411 omnis
1109 376 1219 422 praeda

115 430 152 459 13
165 429 351 460 castrorum
376 426 538 460 Romanis
563 438 719 460 concessa
741 429 802 461 est.
852 426 936 462 Haec
960 439 1061 472 quum
1081 427 1219 462 Oricum

164 482 277 512 essent
295 477 458 519 nuntiata,
472 477 520 511 M.
535 477 689 512 Valerius
706 477 844 512 classem
862 478 1027 524 extemplo
1040 478 1080 513 ad
1095 479 1218 513 ostium

164 529 309 563 fluminis
328 528 434 572 duxit,
452 541 493 563 ne
515 528 654 563 navibus
679 541 851 574 capessere
873 529 989 575 fugam
1011 542 1071 564 rex
1096 534 1217 575 posset.
1267 546 1269 568 ;

115 583 154 613 14
167 581 285 625 Itaque
303 580 492 624 Philippus,
505 592 611 624 neque
629 581 782 614 terrestri
800 593 907 625 neque
924 581 1033 615 navali
1046 581 1218 616 certamini

164 631 244 666 satis
266 631 336 666 sore
358 643 472 676 parem
493 643 528 665 se
550 631 665 673 fidens,
690 631 862 666 subductis
886 632 1024 666 navibus
1047 641 1147 677 atque
1170 632 1219 666 in—

163 683 271 719 censis
296 685 387 717 terra
411 682 643 717 Macedoniam
668 683 754 728 petit
779 696 898 729 magna
920 696 961 718 ex
984 687 1077 729 parte
1102 684 1218 718 inermi

117 734 314 770 menei-citu
339 733 557 780 spoliatoque.
606 735 758 769 Romana
780 734 894 770 classis
917 747 992 770 cum
1017 736 1067 770 M.
1085 735 1218 770 Valerio

165 785 256 820 Orici
274 785 471 820 hibernavit.

77 837 155 881 (41)
212 836 339 871 Eodem
373 849 459 871 anno
492 837 527 871 in
559 837 727 882 Hispania
758 838 848 872 varie
881 850 932 872 res
966 840 1079 883 gestae.
1129 838 1218 873 Nam

167 888 261 933 prius
292 900 391 933 quam
420 889 565 923 Romani
593 901 722 923 amnem
751 889 916 924 Hiberum
945 890 1136 931 transirent,
1165 890 1216 924 in-

166 945 284 984 gentes
310 939 421 982 copias
452 939 681 984 Hispanorum
710 940 814 985 Mago
843 943 877 974 et
906 940 1099 975 Hasdrubal
1127 940 1218 975 fude-

167 994 267 1025 runt:
295 990 538 1036 defecissetque
563 990 603 1025 ab
631 991 789 1025 Romanis
814 991 952 1025 ulterior
980 991 1156 1036 Hispania,
1184 992 1218 1026 ni

168 1042 206 1076 P.
227 1041 402 1076 Cornelius
425 1042 546 1086 raptim
570 1043 725 1076 traducto
748 1042 898 1077 exercitu
920 1042 1086 1077 Hiberum
1111 1041 1218 1077 dubiis

139 1093 335 1130 2sociorum
369 1093 486 1127 animis
520 1093 554 1126 in
587 1096 736 1138 tempore
770 1093 967 1128 advenisset.
1032 1094 1144 1128 Primo
1177 1094 1219 1128 ad

169 1145 326 1179 Castrum
346 1143 608 1179 Album—locus
626 1148 676 1178 est
695 1144 833 1189 insignis
857 1144 944 1179 caede
962 1145 1072 1190 magni
1090 1145 1218 1179 Hamil—

139 1197 412 1231 3caris—oastra
444 1195 589 1230 Romam
621 1195 775 1230 habuere.
825 1198 895 1230 Arx
927 1199 997 1230 erat
1027 1197 1155 1230 munita
1183 1200 1218 1231 et

168 1250 392 1283 convexerant
410 1250 486 1282 ante
509 1247 713 1281 frumentum
730 1263 736 1281 ε
763 1250 885 1289 tamen,
904 1248 980 1292 quia
1002 1248 1112 1282 omnia
1131 1248 1218 1282 circa

167 1299 314 1334 hostium
338 1298 434 1344 plena
459 1301 563 1339 erant,
586 1310 770 1343 agmenque
794 1299 983 1333 Romanum
1010 1299 1146 1344 impune
1168 1299 1217 1333 in-

168 1354 339 1386 cursatum
361 1350 401 1385 ab
426 1349 594 1395 equitibus
616 1350 761 1384 hostium
784 1350 893 1384 fuerat
911 1354 945 1384 ct
963 1350 1004 1385 ad
1027 1350 1092 1384 duo
1116 1351 1217 1385 millia

169 1405 227 1437 aut
259 1407 463 1436 moratorum
496 1403 554 1434 aut
587 1400 769 1445 palantium
802 1414 862 1446 per
895 1414 992 1446 agros
1028 1401 1215 1445 interfecta,
1262 1420 1263 1444 ῃ

169 1465 298 1488 cessere
323 1453 398 1487 inde
423 1452 567 1487 Romani
595 1452 731 1497 propius
760 1456 878 1497 pacata
903 1453 974 1487 loca
998 1456 1032 1487 et
1061 1452 1102 1487 ad
1126 1465 1216 1487 mon-

139 1508 237 1540 4tem
256 1504 414 1539 Victoriae
432 1508 542 1538 castra
562 1503 814 1538 communivere.
863 1504 914 1538 Eo
933 1504 990 1538 Cn.
1012 1504 1123 1549 Scipio
1140 1516 1214 1539 cum

170 1555 323 1591 omnibus
355 1555 459 1600 copiis
492 1558 525 1589 et
555 1554 748 1589 Hasdrubal
781 1555 936 1600 Gisgonis
968 1555 1064 1597 filius,
1095 1556 1215 1590 tertius

171 1607 496 1653 Carthaginiensium
515 1606 592 1647 dux,
611 1618 685 1640 cum
703 1606 853 1640 exercitu
865 1609 960 1651 justo
977 1606 1120 1647 advenit,
1139 1619 1216 1641 con-

169 1662 288 1704 traque
311 1662 422 1693 castra
443 1658 595 1692 Romana
617 1663 709 1691 trans
731 1657 868 1691 fluvium
891 1669 1005 1692 omnes
1028 1657 1215 1692 consedere.

143 1710 208 1745 5P.
235 1710 344 1755 Scipio
372 1722 446 1745 cum
472 1709 635 1754 expeditis
661 1708 743 1744 clam
769 1709 937 1753 profectus
962 1709 1003 1743 ad
1031 1709 1102 1743 loca
1129 1709 1216 1744 circa

171 1761 309 1796 visenda
336 1761 425 1796 haud
454 1761 570 1796 fefellit
595 1761 718 1801 hostes,
745 1761 1056 1806 oppressissentque
1081 1773 1156 1795 cum
1182 1761 1218 1796 in
