1298 1921
385 56 473 88 LIB.
498 56 626 87 XXIV.
653 57 700 93 18,
721 57 769 86 19.
1051 57 1110 86 221

64 98 346 177 ίᾼ611ἶ1,211111511113,111
377 143 433 166 cas
465 131 574 166 tutius
603 129 820 173 sanctiusque
852 129 1017 175 deponere
1045 142 1113 165 crc-

65 182 220 218 dentibus
249 182 307 229 qui
335 181 530 217 deferebant
560 194 660 228 quam
690 181 723 216 in
748 181 881 226 publica
906 181 980 216 fide.
1028 181 1142 216 1111169

63 235 91 269 51
122 233 202 280 quid
230 236 380 279 emptum
409 237 630 279 paratumque
655 232 790 278 pupillis
815 245 853 268 ac
878 232 987 268 viduis
1012 233 1111 275 foret,

64 297 84 319 a
115 286 282 330 quaestore
316 284 598 330 perscribebatur.
646 284 800 319 Manavit
837 296 875 318 ea
906 284 1113 329 privatorum
1127 287 1165 317 10

63 336 254 382 benignitas
280 348 322 371 ex
347 337 430 371 urbe
453 337 554 371 etiam
576 336 609 371 in
633 338 752 377 castra,
779 337 818 370 ut
840 348 908 370 non
928 347 1029 381 eques
1047 347 1114 370 nou

63 388 216 423 centurio
241 387 444 433 stipendium
472 388 648 433 acciperet,
676 386 983 432 mercenariumque
1007 387 1114 421 incre-

63 442 181 485 pantes
198 442 357 474 vocarent
375 439 431 484 qui
449 439 643 484 accepisset.

110 491 148 532 Q.
168 490 292 525 Fabius
310 489 426 525 consul
449 489 491 524 ad
509 489 692 524 Casilinum
717 490 828 524 castra
849 488 1003 530 habebat,
1024 490 1113 534 quod
1127 485 1203 525 (19)

62 541 165 576 duum
185 542 326 577 millium
345 542 590 588 Campanorum
609 544 643 576 et
661 542 950 587 septingentorum
968 541 1113 576 militum

61 593 262 628 Hannibalis
284 593 463 629 tenebatur
491 593 655 638 praesidio.
705 593 856 627 Praeerat
883 593 1012 628 Statius
1038 593 1143 628 Me-2

61 644 131 680 tius
156 645 278 679 missus
304 644 344 680 ab
371 644 431 679 Cn.
451 644 568 690 Magio
592 643 759 685 Atellano,
787 644 844 689 qui
868 656 907 678 eo
934 656 1020 679 anno
1044 656 1113 679 me-

62 695 249 731 dixtuticus
276 698 348 730 erat
377 695 580 741 servitiaque
610 698 644 730 et
677 694 807 740 plebem
841 695 1029 740 promiscue
1062 708 1114 730 ar-

61 747 179 790 marat,
203 750 242 781 ut
263 750 374 782 castra
395 747 549 781 Romana
574 746 746 781 invaderet
768 746 899 781 intento
917 747 1051 781 consule
1070 747 1112 781 ad

61 797 244 833 Casilinum
261 798 532 845 oppugnandum.
575 797 667 832 Nihil
685 810 799 832 eorum
817 798 957 833 Fabium
975 798 1108 833 fefellit:
1124 804 1141 831 3

59 849 174 895 itaque
192 849 314 884 Nolam
340 850 382 884 ad
404 850 565 896 collegam
587 849 703 891 mittit,
723 849 828 884 altero
851 850 1011 891 exercitu,
1031 849 1110 885 dum

61 900 241 935 Casilinum
265 904 491 947 oppugnatur,
516 914 600 946 opus
626 913 700 936 esse
725 900 782 946 qui
807 900 986 943 Campanis
1010 914 1110 947 oppo-

58 954 179 987 natur:
205 952 259 988 vel
280 952 351 998 ipse
374 952 490 988 relicto
516 952 613 988 Nolae
636 952 792 997 pracsidio
815 952 946 987 modico
968 953 1108 995 veniret,

59 1002 122 1045 vel,
141 1003 170 1038 si
191 1015 268 1038 eum
290 1003 380 1039 Nola
402 1006 533 1039 teneret
556 1016 617 1039 nec
640 1003 719 1038 dum
743 1016 868 1038 securae
885 1016 938 1039 res
956 1004 997 1039 ab
1014 1005 1110 1039 Hau-

59 1053 168 1090 nibale
189 1059 311 1097 essent,
336 1067 372 1090 se
399 1055 472 1090 Tib.
492 1055 680 1090 Gracchum
703 1055 935 1100 proconsulem
960 1068 979 1090 a
1004 1057 1110 1091 Bene-

59 1108 161 1140 vento
189 1107 384 1142 acciturum.
434 1107 512 1142 Hoc
537 1107 656 1141 nuntio
686 1107 867 1142 Marcellus
893 1106 1024 1142 duobus
1049 1108 1108 1142 1111-
1123 1112 1141 1140 4

58 1156 158 1192 litum
186 1158 332 1193 millibus
360 1158 456 1194 Nolae
485 1158 520 1193 in
548 1157 702 1204 praesidio
731 1158 857 1194 relictis
887 1171 961 1194 cum
988 1162 1109 1194 caetero

59 1208 209 1244 exercitu
242 1209 426 1245 Casilinum
459 1210 561 1253 venit,
595 1209 808 1256 adventuque
841 1212 914 1255 ejus
948 1211 1110 1256 Campani

54 1259 124 1305 jam
152 1264 324 1296 moventes
351 1274 424 1297 sese
453 1262 663 1307 quieverunt.
713 1261 770 1296 Ita
797 1261 838 1296 ab
868 1261 999 1297 duobus
1032 1270 1141 1299 con-5

59 1311 187 1346 sulibus
209 1312 393 1347 Casih'num
415 1313 605 1359 oppugnari
627 1313 737 1359 coepit.
788 1313 859 1348 Ubi
881 1326 984 1360 quum
1004 1314 1110 1348 multa
1125 1321 1141 1349 6

58 1363 275 1399 succedentes
292 1367 417 1400 temere
436 1365 598 1400 moenibus
615 1365 761 1400 Romani
777 1366 900 1400 milites
917 1366 1109 1412 acciperent

57 1414 196 1450 vulnera
212 1428 321 1461 neque
338 1417 420 1451 satis
444 1417 616 1462 inceptum
639 1416 844 1459 succederet,
864 1417 987 1452 Fabius
1012 1418 1110 1453 omit-

56 1466 193 1501 tendam
215 1479 286 1502 rem
308 1480 445 1513 parvam
469 1480 506 1503 ac
524 1470 627 1513 juxta
651 1468 781 1515 magnis
807 1469 970 1504 difficilem
997 1469 1109 1504 absce-

57 1517 271 1564 dendumque
287 1519 364 1555 inde
381 1519 548 1562 censebat,
569 1532 672 1566 quum
689 1532 742 1555 res
760 1522 902 1565 majores
923 1520 1106 1556 instarent:

57 1569 242 1605 Marcellus
261 1570 367 1605 multa
384 1571 512 1617 magnis
530 1571 672 1606 ducibus
690 1571 777 1607 sicut
794 1584 862 1606 non
884 1571 1110 1618 adgredienda

55 1621 104 1656 ita
121 1621 222 1656 semel
244 1622 411 1668 adgressis
436 1635 504 1658 non
529 1622 729 1657 dimittenda
753 1636 826 1658 esse
852 1623 1003 1665 dicendo,
1030 1624 1108 1670 quia

55 1685 177 1719 magna
209 1673 305 1709 famae
337 1677 506 1709 momenta
537 1674 572 1709 in
604 1677 782 1720 utramque
814 1678 945 1721 partem
977 1675 1105 1717 fierent,

55 1724 166 1759 tenuit
182 1737 224 1760 116
241 1725 337 1761 irrito
354 1726 487 1772 incepto
505 1725 664 1762 abiretur.
704 1726 819 1762 Vineae
836 1726 913 1762 inde
932 1727 1107 1774 omniaque
1123 1735 1138 1765 7
