1298 1921
0 0 1123 30 V&

457 74 545 105 LIB.
568 74 663 104 XXI.
687 76 739 104 32.
1072 74 1112 104 33

67 120 101 146 A.
114 120 141 144 c.
157 117 230 157 ²¹⁸:]

67 149 438 198 expedies-acerrimo
451 160 583 195 quoque
600 147 840 194 viro—raptim
854 147 1026 193 angustias
1040 160 1114 183 eva·

66 203 117 239 dit
150 203 256 249 iisque
280 201 361 247 ipsis
389 200 538 243 tumulis,
568 212 650 246 quos
678 200 790 234 hostes
820 204 1008 243 tenuerant,
1037 212 1115 234 con-

67 254 164 290 sedit.
214 253 328 288 Prima
353 251 471 287 deinde
496 251 570 286 luce
594 255 704 286 castra
726 253 819 285 mota
841 254 874 285 et
898 263 1018 296 agmen
1040 250 1114 286 reli·
1132 255 1170 284 10

66 318 168 353 quum
197 304 350 340 incedere
383 303 494 348 coepit.
543 303 619 337 Jam
652 303 802 337 montani
834 302 930 348 signo
963 302 1042 337 dato
1074 314 1116 337 ex

67 356 211 393 castellis
237 355 278 390 ad
301 355 479 390 stationem
506 354 638 389 solitam
661 353 913 396 conveniebant,
937 366 1040 399 quum
1065 365 1117 388 re-

64 412 168 454 pente
191 406 400 452 conspiciunt
423 405 504 440 alios
527 417 602 440 arce
625 408 787 451 occupata
810 417 870 440 sua
893 417 993 451 super
1015 408 1116 450 caput

64 459 288 500 imminentes,
313 457 394 492 alios
420 457 474 491 via
495 456 638 492 transire
663 457 788 491 hostes.
839 457 991 502 Utraque
1016 455 1117 490 simul
1136 461 1170 491 11

67 510 198 556 objecta
221 522 275 544 res
301 509 406 544 oculis
431 508 614 554 animisque
643 507 828 543 immobiles
856 519 1035 553 parumper
1059 519 1116 542 eos

66 561 201 596 defixit:
240 560 368 604 deinde,
393 563 432 594 ut
456 559 715 605 trepidationem
737 559 772 594 in
796 559 962 605 angustiis
989 571 1117 604 suoque

64 613 177 658 ipsum
210 611 360 647 tumultu
388 611 520 646 misceri
549 623 668 657 agmen
700 611 821 654 videre,
851 610 944 656 equis
974 611 1117 645 maxime

66 663 300 702 consternatis,
318 661 479 708 quidquid
496 661 696 707 adjecissent
719 662 784 707 ipsi
807 662 946 697 terroris
970 662 1052 697 satis
1076 661 1122 696 ad’

66 715 248 760 perniciem
276 714 347 749 fore
374 713 450 756 rati,
474 714 639 759 perversis
668 714 809 759 rupibus
831 714 930 760 juxta
957 713 1047 748 invia
1079 724 1118 747 ac

68 766 165 801 devia
181 765 312 801 adsueti
329 764 522 800 decurrunt.
572 765 658 799 Tum
681 777 760 801 vero
778 765 878 800 simul
900 764 941 800 ab
964 764 1118 799 hostibus
1135 771 1172 801 12

69 817 167 852 simul
183 816 224 852 ab
240 816 418 862 iniquitate
434 815 583 850 locorum
600 816 697 851 Poeni
719 816 1010 863 oppugnabantur,
1029 815 1118 862 plus-

69 881 133 915 que
150 869 238 903 inter
262 868 363 914 ipsos,
381 867 444 902 sibi
467 879 598 913 quoque
615 867 776 903 tendente
793 873 832 903 ut
854 867 1002 914 periculo
1025 867 1118 913 prius

68 919 236 963 evaderet,
253 931 352 965 quam
369 931 445 954 cum
462 919 615 954 hostibus
636 919 826 954 certaminis
844 922 925 954 erat.
975 920 1020 954 Et
1043 918 1119 965 equi
1135 926 1172 956 13

68 971 212 1006 maxime
235 971 399 1006 infestum
424 982 543 1016 agmen
571 970 748 1014 faciebant,
774 971 831 1017 qui
855 974 890 1006 et
919 969 1119 1006 clamoribus

69 1022 224 1065 dissonis,
248 1034 331 1068 quos
355 1033 492 1056 nemora
516 1022 616 1057 etiam
642 1034 911 1068 repercussaeque
936 1021 1038 1056 valles
1063 1033 1121 1056 au-

70 1073 206 1120 gebant,
230 1073 343 1108 territi
365 1073 591 1119 trepidabant,
616 1081 650 1109 et-
675 1074 735 1109 icti
758 1074 847 1109 forte
872 1076 930 1108 aut
954 1073 1121 1108 vulnerati

70 1125 154 1160 adeo
175 1124 488 1167 consternabantur,
512 1128 550 1160 ut
573 1128 720 1171 stragem
745 1125 917 1171 ingentem
941 1124 1041 1160 simul
1062 1125 1122 1159 ho-

69 1177 197 1211 minum
227 1188 264 1211 ac
294 1177 497 1211 sarcinarum
525 1177 632 1212 omnis
662 1177 794 1223 generis
822 1177 981 1212 facerent.
1031 1176 1177 1213 Mul-14

69 1230 191 1274 tosque
223 1227 333 1269 turba,
364 1240 467 1274 quum
496 1228 683 1274 praecipites
712 1228 921 1274 diruptaeque
953 1227 1123 1274 utrimque

71 1279 235 1326 angustiae
252 1282 375 1322 essent,
391 1279 426 1313 in
443 1280 642 1314 immensum
660 1280 847 1315 altitudinis
871 1279 1004 1325 dejecit,
1022 1291 1122 1325 quos-

71 1331 147 1366 dam
164 1334 198 1365 et
215 1335 380 1365 armatos:
407 1330 466 1365 sed
483 1331 588 1366 ruinae
605 1332 750 1367 maxime
766 1331 865 1366 modo
875 1333 1031 1376 jumenta
1047 1343 1123 1365 cum

71 1381 229 1417 oneribus
262 1381 532 1417 devolvebantur.
584 1383 671 1421 Quae
699 1395 900 1429 quamquam
928 1381 1018 1416 foeda
1049 1382 1123 1417 visu
1138 1389 1176 1420 15

72 1437 178 1475 erant,
205 1433 301 1468 stetit
330 1445 510 1479 parumper
535 1438 648 1469 tamen
676 1434 846 1470 Hannibal
876 1446 914 1469 ac
938 1446 1017 1469 suos
1046 1446 1124 1468 con-

72 1485 186 1526 tinuit,
202 1497 245 1519 ne
261 1485 445 1520 tumultum
467 1497 504 1520 ac
525 1485 784 1531 trepidationem
807 1488 965 1532 augeret:
992 1484 1122 1526 deinde,

72 1539 250 1582 postquam
267 1536 467 1583 interrumpi
484 1549 603 1583 agmen
620 1537 704 1573 vidit
726 1537 976 1584 periculumque
993 1550 1066 1573 esse
1083 1549 1125 1572 ne

74 1590 215 1622 exutum
231 1586 478 1632 impedimentis
496 1589 682 1624 exercitum
699 1589 902 1635 nequiquam
924 1588 1125 1624 incolumem

73 1637 290 1679 traduxisset,
310 1638 456 1674 decurrit
474 1652 515 1675 ex
532 1640 703 1686 superiore
719 1640 793 1675 loco
810 1644 854 1682 et,
874 1653 977 1686 quum
996 1640 1125 1686 impetu

74 1691 148 1736 ipso
165 1689 308 1724 fudisset
319 1690 461 1735 hostem,
475 1692 544 1727 suis
558 1704 690 1738 quoque
702 1692 887 1727 tumultum
905 1692 1009 1727 auxit.
1060 1691 1126 1726 Sed
1142 1696 1180 1727 16

75 1742 104 1777 is
128 1740 297 1776 tumultus
321 1747 490 1778 momento
514 1744 686 1789 temporis,
709 1751 889 1789 postquam
910 1743 1051 1779 liberata
1072 1743 1126 1777 iti-

77 1804 157 1829 nera
177 1791 260 1838 fuga
283 1797 519 1830 montanorum
544 1799 650 1838 erant,
677 1795 826 1838 sedatur,
850 1807 912 1832 nec
937 1807 996 1842 per
1019 1794 1125 1830 otium

125 1857 182 1877 MV.
197 1857 272 1877 msr.
288 1858 320 1878 11.
587 1854 610 1877 D
