1298 1921
212 33 272 62 242
455 31 490 61 T.
516 31 635 60 LIVII
662 33 994 63 HISTORIARUM
1099 74 1135 106 [A
1161 75 1179 99 C
1204 75 1251 99 ⁰14

212 117 309 150 quam
327 105 382 140 illo
399 107 549 151 tempore
572 117 609 140 ac
631 106 702 141 loco
729 108 971 153 Syracusanum
995 107 1056 142 sibi
1075 108 1257 142 exercitum

212 156 345 191 obvium
376 157 467 191 fore:
494 156 551 191 sed
580 160 692 192 tamen
718 162 811 192 metu
840 159 1038 193 Himilconis
1066 159 1259 192 Poenorum-

214 220 288 253 que,
306 211 345 242 ut
363 207 483 253 quibus
506 220 716 253 nequaquam
734 209 780 243 eis
804 209 905 254 copiis
930 222 1010 255 quas
1034 209 1176 244 habebat
1203 221 1261 254 par

216 262 313 300 esset,
334 271 431 305 quam
454 262 585 304 poterat
610 260 752 294 maxime
777 260 926 294 intentus
952 264 1051 306 atque
1072 260 1201 306 agmine
1220 259 1261 294 ad
1297 277 1298 289 κ

121 312 331 358 (36)omnes
356 323 452 345 casus
478 311 661 355 composito
686 310 766 345 ibat.
816 311 917 345 Forte
942 324 981 345 ea
1002 323 1090 352 cura,
1111 324 1182 356 quae
1205 311 1260 344 atl-

218 374 332 397 versus
358 363 478 396 Poenos
504 366 697 407 pra‘parata,
723 362 881 397 adversus
912 363 1038 397 Siculos
1063 363 1139 397 usui
1172 363 1258 396 suit:

215 413 334 448 castris
351 412 514 458 ponendis
532 413 768 459 incompositos
794 425 831 448 ac
857 413 1022 458 dispersos
1046 418 1186 448 nanctus
1205 425 1260 447 eos

214 467 248 498 et
277 464 452 509 plerosque
478 464 620 499 inermes
649 464 738 510 quod
765 464 914 510 peditum
941 465 1005 498 fuit
1034 464 1260 504 circmnvenit,

213 528 314 560 eques
334 515 399 550 levi
425 516 605 550 certamine
627 516 710 550 inito
734 528 809 551 cum
833 516 1041 560 Hippocrate
1064 518 1168 550 Acras
1191 528 1261 561 pcr-

179 574 197 602 2
213 566 311 611 fugit.
360 567 411 601 Ea
434 579 547 612 pugna
569 566 781 613 defugientes
807 567 847 601 ab
872 567 1033 601 Romanis
1057 579 1158 612 quum
1177 567 1262 601 cohi-

213 617 340 652 buisset
375 617 514 659 Siculos,
549 618 730 654 Marcellus
765 619 945 664 Syracusas
979 617 1084 652 redit:
1120 621 1153 652 et
1185 621 1263 662 post

214 681 337 714 paucos
365 668 435 704 dies
466 669 611 704 Himilco
641 671 799 715 adjuncto
829 669 1038 714 Hippocrate
1071 669 1112 703 ad
1140 669 1264 703 fiumen

181 722 369 766 3Anapum
401 724 477 755 octo
510 720 614 756 ferme
646 721 722 756 inde
755 721 858 756 millia
884 724 994 756 castra
1022 720 1143 765 posuit.
1195 719 1263 754 Sub

213 771 300 806 idem
328 772 414 806 forte
443 775 576 817 tempus
605 776 640 807 et
668 785 769 807 naves
799 773 905 817 longae
933 772 1078 817 quinque
1106 774 1139 806 et
1168 771 1264 816 quin-

215 823 375 869 quaginta
404 823 731 869 Carthaginiensium
760 836 835 859 cum
863 823 1049 858 Bomilcare
1083 822 1197 857 classis
1231 822 1265 855 in

214 887 373 920 magnum
398 877 533 920 portum
561 875 733 920 Syracusis
761 887 801 909 ex
828 875 896 909 alto
923 874 1108 915 decurrere,
1132 876 1166 908 et
1197 873 1265 907 Ro-

214 937 319 961 manae
337 926 419 960 item
437 926 550 961 classis
574 927 715 971 triginta
738 927 993 971 quinqueremes
1011 925 1175 970 legionem
1193 924 1262 969 pri·

214 989 301 1011 mam
325 978 482 1012 Panormi
504 989 698 1022 exposuere,
723 989 922 1022 versumque
946 976 986 1011 ab
1010 976 1109 1010 Italia
1132 975 1263 1016 bellum,

215 1028 297 1063 adeo
315 1033 455 1074 uterque
473 1028 616 1074 populus
634 1029 667 1063 in
695 1029 839 1063 Siciliam
863 1028 1025 1071 intentus,
1041 1027 1144 1062 fuisse
1161 1026 1266 1061 videri

182 1083 359 1124 4poterat.
408 1080 592 1126 Legionem
615 1080 811 1121 Romanum,
841 1091 913 1125 quse
936 1079 1088 1124 exposita
1110 1077 1267 1113 Panormi

216 1135 297 1173 erat,
326 1132 514 1166 venientem
541 1132 720 1177 Syracusas
746 1131 866 1176 praedae
892 1130 979 1164 haud
1005 1129 1104 1164 dubie
1129 1129 1192 1164 sibi
1215 1129 1267 1162 fu-

217 1188 326 1217 turam
346 1183 493 1218 Himilco
511 1187 604 1217 ratus
622 1184 675 1218 via
700 1182 886 1227 decipitur:
918 1182 1159 1216 mediterraneo
1176 1193 1267 1214 nam-

218 1247 282 1280 que
310 1235 436 1269 Poenus
466 1235 584 1269 itinere
610 1234 716 1275 duxit,
744 1234 831 1279 legio
857 1233 1031 1268 maritimis
1057 1232 1136 1267 locis
1162 1231 1268 1266 classe

216 1292 440 1333 prosequente
458 1287 498 1322 ad
512 1288 658 1333 Appium
677 1287 853 1322 Claudium
868 1286 1060 1331 Pachynum
1079 1297 1154 1319 cum
1172 1286 1268 1329 parte

185 1341 387 1384 5copiarum
414 1339 545 1374 obviam
579 1351 791 1384 progressum
818 1338 982 1383 pervenit.
1033 1337 1107 1371 Nec
1141 1335 1267 1370 diutius

218 1391 313 1426 Poeni
346 1391 386 1425 ad
415 1392 595 1437 Syracusas
624 1391 743 1425 morati
772 1394 873 1424 sunt:
900 1393 934 1424 et
963 1388 1141 1429 Bomilcar,
1172 1386 1270 1421 simul

218 1454 333 1488 parum
353 1442 457 1477 fidens
475 1442 615 1477 navibus
641 1441 883 1486 suis—duplici
909 1441 1004 1475 facilc
1027 1450 1165 1474 numero
1189 1438 1268 1472 clas-

218 1506 286 1528 sem
314 1494 515 1529 habentibus
543 1493 851 1528 Romanis-simul
880 1492 992 1527 inutili
1016 1503 1108 1525 mora
1131 1501 1268 1525 cernens

218 1545 300 1580 nihil
321 1545 410 1580 aliud
436 1545 476 1580 ab
500 1546 569 1580 suis
596 1557 695 1591 quam
719 1545 862 1590 inopiam
890 1542 1064 1589 adgravari
1093 1542 1267 1581 sociorum,

221 1597 300 1632 velis
318 1597 352 1632 in
375 1597 478 1631 altum
503 1597 589 1632 datis
608 1597 641 1631 in
663 1597 813 1631 Afric-am
835 1595 1042 1630 transmisit:
1070 1597 1104 1628 et
1121 1592 1269 1628 Himilco

221 1653 383 1695 sequutus
406 1649 607 1694 nequiquam
632 1647 831 1683 Marcellum
858 1648 1047 1692 Syracusas,
1067 1646 1095 1680 si
1112 1657 1186 1690 qua,
1206 1644 1268 1689 pri-

220 1713 360 1746 usquam
386 1700 566 1743 majoribus
596 1700 698 1743 copiis
720 1700 928 1745 jungeretur,
949 1698 1076 1733 occasio
1099 1695 1269 1742 pugnandi

219 1758 320 1792 essct,
339 1755 514 1796 postquam
535 1764 573 1785 ea
591 1752 678 1785 uuila
703 1752 889 1792 contigerat
916 1755 1095 1791 tutumque
1113 1748 1152 1781 aul
1173 1748 1268 1788 Syra-
1289 1766 1292 1799 ἶ
