<?xml version="1.0" encoding="UTF-8"?>
<!DOCTYPE html PUBLIC "-//W3C//DTD XHTML 1.0 Transitional//EN"
    "http://www.w3.org/TR/xhtml1/DTD/xhtml1-transitional.dtd">
<html xmlns="http://www.w3.org/1999/xhtml" xml:lang="en" lang="en">
 <head>
  <title>
</title>
<meta http-equiv="Content-Type" content="text/html;charset=utf-8" />
  <meta name='ocr-system' content='tesseract 3.04.00' />
  <meta name='ocr-capabilities' content='ocr_page ocr_carea ocr_par ocr_line ocrx_word'/>
</head>
<body>
  <div class='ocr_page' id='page_1' title='image "./booksxxixxivwith00livyuoft_0177.png"; bbox 0 0 1298 1921; ppageno 0'>
   <div class='ocr_carea' id='block_1_1' title="bbox 0 182 65 1921">
    <p class='ocr_par' dir='ltr' id='par_1_1' title="bbox 0 182 65 1921">
     <span class='ocr_line' id='line_1_1' title="bbox 8 182 24 232; baseline 0 1689"><span class='ocrx_word' id='word_1_1' title='bbox 8 182 24 232; x_wconf 95' lang='lat' dir='ltr'> </span> 
     </span>
     <span class='ocr_line' id='line_1_2' title="bbox 9 232 24 390; baseline 0 -53"><span class='ocrx_word' id='word_1_2' title='bbox 9 232 24 390; x_wconf 95' lang='lat' dir='ltr'>   </span> 
     </span>
     <span class='ocr_line' id='line_1_3' title="bbox 14 390 21 439; baseline 0 1482"><span class='ocrx_word' id='word_1_3' title='bbox 14 390 21 439; x_wconf 95' lang='lat' dir='ltr'> </span> 
     </span>
     <span class='ocr_line' id='line_1_4' title="bbox 14 439 21 538; baseline 0 -50"><span class='ocrx_word' id='word_1_4' title='bbox 14 439 21 538; x_wconf 95' lang='lat' dir='ltr'>  </span> 
     </span>
     <span class='ocr_line' id='line_1_5' title="bbox 14 538 21 593; baseline 0 1328"><span class='ocrx_word' id='word_1_5' title='bbox 14 538 21 593; x_wconf 95' lang='lat' dir='ltr'> </span> 
     </span>
     <span class='ocr_line' id='line_1_6' title="bbox 15 593 21 644; baseline 0 1277"><span class='ocrx_word' id='word_1_6' title='bbox 15 593 21 644; x_wconf 95' lang='lat' dir='ltr'> </span> 
     </span>
     <span class='ocr_line' id='line_1_7' title="bbox 15 644 21 695; baseline 0 1226"><span class='ocrx_word' id='word_1_7' title='bbox 15 644 21 695; x_wconf 95' lang='lat' dir='ltr'> </span> 
     </span>
     <span class='ocr_line' id='line_1_8' title="bbox 15 695 21 746; baseline 0 1175"><span class='ocrx_word' id='word_1_8' title='bbox 15 695 21 746; x_wconf 95' lang='lat' dir='ltr'> </span> 
     </span>
     <span class='ocr_line' id='line_1_9' title="bbox 14 746 44 906; baseline 0 -8"><span class='ocrx_word' id='word_1_9' title='bbox 14 746 44 906; x_wconf 95' lang='lat' dir='ltr'>    </span> 
     </span>
     <span class='ocr_line' id='line_1_10' title="bbox 14 906 43 1051; baseline 0 -49"><span class='ocrx_word' id='word_1_10' title='bbox 14 906 43 1051; x_wconf 95' lang='lat' dir='ltr'>   </span> 
     </span>
     <span class='ocr_line' id='line_1_11' title="bbox 11 1051 44 1112; baseline 0 0"><span class='ocrx_word' id='word_1_11' title='bbox 11 1051 44 1112; x_wconf 95' lang='lat' dir='ltr'>  </span> 
     </span>
     <span class='ocr_line' id='line_1_12' title="bbox 11 1112 65 1356; baseline 0 -151"><span class='ocrx_word' id='word_1_12' title='bbox 11 1112 65 1356; x_wconf 95' lang='lat' dir='ltr'>    </span> 
     </span>
     <span class='ocr_line' id='line_1_13' title="bbox 10 1356 43 1514; baseline 0 0"><span class='ocrx_word' id='word_1_13' title='bbox 10 1356 43 1514; x_wconf 95' lang='lat' dir='ltr'>    </span> 
     </span>
     <span class='ocr_line' id='line_1_14' title="bbox 9 1514 43 1616; baseline 0 -51"><span class='ocrx_word' id='word_1_14' title='bbox 9 1514 43 1616; x_wconf 95' lang='lat' dir='ltr'>   </span> 
     </span>
     <span class='ocr_line' id='line_1_15' title="bbox 6 1616 46 1772; baseline 0 0"><span class='ocrx_word' id='word_1_15' title='bbox 6 1616 46 1772; x_wconf 95' lang='lat' dir='ltr'>   </span> 
     </span>
     <span class='ocr_line' id='line_1_16' title="bbox 0 1772 50 1921; baseline 0 -98"><span class='ocrx_word' id='word_1_16' title='bbox 0 1772 50 1921; x_wconf 95' lang='lat' dir='ltr'>  </span> 
     </span>
    </p>
   </div>
   <div class='ocr_carea' id='block_1_2' title="bbox 25 37 1079 158">
    <p class='ocr_par' dir='ltr' id='par_1_2' title="bbox 25 37 1079 158">
     <span class='ocr_line' id='line_1_17' title="bbox 113 37 1079 98; baseline -0.002 -29"><span class='ocrx_word' id='word_1_17' title='bbox 113 83 126 98; x_wconf 57' lang='grc' dir='ltr'><em>η</em></span> <span class='ocrx_word' id='word_1_18' title='bbox 357 38 448 69; x_wconf 87' lang='lat' dir='ltr'>LIB.</span> <span class='ocrx_word' id='word_1_19' title='bbox 473 38 612 68; x_wconf 87' lang='lat' dir='ltr'><strong>XXIII.</strong></span> <span class='ocrx_word' id='word_1_20' title='bbox 639 38 688 75; x_wconf 86' lang='lat'>15,</span> <span class='ocrx_word' id='word_1_21' title='bbox 710 38 757 68; x_wconf 85' lang='lat'>16.</span> <span class='ocrx_word' id='word_1_22' title='bbox 1020 37 1079 67; x_wconf 87' lang='lat'>155</span> 
     </span>
     <span class='ocr_line' id='line_1_18' title="bbox 25 80 1079 158; baseline -0.006 -8"><span class='ocrx_word' id='word_1_23' title='bbox 25 80 182 152; x_wconf 31' lang='lat' dir='ltr'>imagini?</span> <span class='ocrx_word' id='word_1_24' title='bbox 195 112 350 148; x_wconf 79' lang='lat' dir='ltr'>militaria</span> <span class='ocrx_word' id='word_1_25' title='bbox 375 114 508 148; x_wconf 86' lang='lat' dir='ltr'>essent:</span> <span class='ocrx_word' id='word_1_26' title='bbox 540 111 598 147; x_wconf 86' lang='lat' dir='ltr'>sed</span> <span class='ocrx_word' id='word_1_27' title='bbox 624 112 681 158; x_wconf 92' lang='lat' dir='ltr'>qui</span> <span class='ocrx_word' id='word_1_28' title='bbox 706 112 742 147; x_wconf 89' lang='lat' dir='ltr'>in</span> <span class='ocrx_word' id='word_1_29' title='bbox 766 109 930 146; x_wconf 79' lang='lat' dir='ltr'>Romanis</span> <span class='ocrx_word' id='word_1_30' title='bbox 956 109 1079 145; x_wconf 85' lang='lat' dir='ltr'>milita-</span> 
     </span>
    </p>
   </div>
   <div class='ocr_carea' id='block_1_3' title="bbox 23 163 1166 1800">
    <p class='ocr_par' dir='ltr' id='par_1_3' title="bbox 23 163 1166 1080">
     <span class='ocr_line' id='line_1_19' title="bbox 25 163 1078 209; baseline -0.006 -7"><span class='ocrx_word' id='word_1_31' title='bbox 25 166 110 202; x_wconf 87' lang='lat' dir='ltr'>verit</span> <span class='ocrx_word' id='word_1_32' title='bbox 130 165 260 206; x_wconf 77' lang='lat' dir='ltr'>castris,</span> <span class='ocrx_word' id='word_1_33' title='bbox 284 176 352 199; x_wconf 87' lang='lat' dir='ltr'>non</span> <span class='ocrx_word' id='word_1_34' title='bbox 376 176 472 209; x_wconf 87' lang='lat' dir='ltr'>posse</span> <span class='ocrx_word' id='word_1_35' title='bbox 495 164 672 198; x_wconf 76' lang='lat' dir='ltr'>obscuram</span> <span class='ocrx_word' id='word_1_36' title='bbox 696 165 770 207; x_wconf 84' lang='lat' dir='ltr'>ejus</span> <span class='ocrx_word' id='word_1_37' title='bbox 794 163 957 197; x_wconf 85' lang='lat' dir='ltr'>virtutem</span> <span class='ocrx_word' id='word_1_38' title='bbox 981 173 1078 197; x_wconf 85' lang='lat' dir='ltr'>csse:</span> 
     </span>
     <span class='ocr_line' id='line_1_20' title="bbox 25 213 1078 261; baseline -0.004 -9"><span class='ocrx_word' id='word_1_39' title='bbox 25 217 147 254; x_wconf 88' lang='lat' dir='ltr'>multos</span> <span class='ocrx_word' id='word_1_40' title='bbox 170 216 242 257; x_wconf 88' lang='lat' dir='ltr'>sibi,</span> <span class='ocrx_word' id='word_1_41' title='bbox 262 216 318 261; x_wconf 86' lang='lat' dir='ltr'>qui</span> <span class='ocrx_word' id='word_1_42' title='bbox 339 228 415 250; x_wconf 87' lang='lat' dir='ltr'>cum</span> <span class='ocrx_word' id='word_1_43' title='bbox 438 227 478 250; x_wconf 87' lang='lat' dir='ltr'>eo</span> <span class='ocrx_word' id='word_1_44' title='bbox 500 214 668 261; x_wconf 85' lang='lat' dir='ltr'>stipendia.</span> <span class='ocrx_word' id='word_1_45' title='bbox 690 214 842 256; x_wconf 86' lang='lat' dir='ltr'>feceriut,</span> <span class='ocrx_word' id='word_1_46' title='bbox 863 213 996 254; x_wconf 82' lang='lat' dir='ltr'>referre,</span> <span class='ocrx_word' id='word_1_47' title='bbox 1021 213 1078 259; x_wconf 89' lang='lat' dir='ltr'>qui</span> 
     </span>
     <span class='ocr_line' id='line_1_21' title="bbox 25 264 1080 313; baseline -0.006 -9"><span class='ocrx_word' id='word_1_48' title='bbox 25 268 76 304; x_wconf 77' lang='lat' dir='ltr'>vir</span> <span class='ocrx_word' id='word_1_49' title='bbox 91 270 180 302; x_wconf 88' lang='lat' dir='ltr'>esset</span> <span class='ocrx_word' id='word_1_50' title='bbox 202 267 256 302; x_wconf 91' lang='lat' dir='ltr'>ille</span> <span class='ocrx_word' id='word_1_51' title='bbox 274 279 413 313; x_wconf 85' lang='lat' dir='ltr'>quaeque</span> <span class='ocrx_word' id='word_1_52' title='bbox 438 269 472 301; x_wconf 90' lang='lat' dir='ltr'>et</span> <span class='ocrx_word' id='word_1_53' title='bbox 490 267 644 312; x_wconf 88' lang='lat' dir='ltr'>quotiens</span> <span class='ocrx_word' id='word_1_54' title='bbox 661 266 812 311; x_wconf 85' lang='lat' dir='ltr'>pericula</span> <span class='ocrx_word' id='word_1_55' title='bbox 832 276 893 309; x_wconf 89' lang='lat' dir='ltr'>pro</span> <span class='ocrx_word' id='word_1_56' title='bbox 911 264 1020 299; x_wconf 85' lang='lat' dir='ltr'>salute</span> <span class='ocrx_word' id='word_1_57' title='bbox 1040 276 1080 298; x_wconf 82' lang='lat' dir='ltr'>ac</span> 
     </span>
     <span class='ocr_line' id='line_1_22' title="bbox 26 315 1078 365; baseline -0.005 -11"><span class='ocrx_word' id='word_1_58' title='bbox 26 318 188 365; x_wconf 77' lang='lat' dir='ltr'><strong>dignitate</strong></span> <span class='ocrx_word' id='word_1_59' title='bbox 208 317 325 363; x_wconf 85' lang='lat' dir='ltr'>populi</span> <span class='ocrx_word' id='word_1_60' title='bbox 341 318 484 353; x_wconf 81' lang='lat' dir='ltr'>Romani</span> <span class='ocrx_word' id='word_1_61' title='bbox 508 318 643 361; x_wconf 73' lang='lat' dir='ltr'>adisset,</span> <span class='ocrx_word' id='word_1_62' title='bbox 661 317 778 363; x_wconf 82' lang='lat' dir='ltr'>utique</span> <span class='ocrx_word' id='word_1_63' title='bbox 797 315 968 351; x_wconf 82' lang='lat' dir='ltr'>Cannensi</span> <span class='ocrx_word' id='word_1_64' title='bbox 992 327 1078 360; x_wconf 88' lang='lat' dir='ltr'>proe-</span> 
     </span>
     <span class='ocr_line' id='line_1_23' title="bbox 25 366 1077 415; baseline -0.004 -11"><span class='ocrx_word' id='word_1_65' title='bbox 25 369 68 406; x_wconf 80' lang='lat' dir='ltr'>lio</span> <span class='ocrx_word' id='word_1_66' title='bbox 89 381 156 404; x_wconf 89' lang='lat' dir='ltr'>non</span> <span class='ocrx_word' id='word_1_67' title='bbox 179 369 272 414; x_wconf 84' lang='lat' dir='ltr'>prius</span> <span class='ocrx_word' id='word_1_68' title='bbox 301 381 415 414; x_wconf 76' lang='lat' dir='ltr'>pugna.</span> <span class='ocrx_word' id='word_1_69' title='bbox 442 369 612 404; x_wconf 86' lang='lat' dir='ltr'>abstiterit</span> <span class='ocrx_word' id='word_1_70' title='bbox 637 382 737 415; x_wconf 82' lang='lat' dir='ltr'>quam</span> <span class='ocrx_word' id='word_1_71' title='bbox 762 379 866 413; x_wconf 85' lang='lat' dir='ltr'>prope</span> <span class='ocrx_word' id='word_1_72' title='bbox 892 366 1077 412; x_wconf 84' lang='lat' dir='ltr'>exsanguis</span> 
     </span>
     <span class='ocr_line' id='line_1_24' title="bbox 23 419 1078 465; baseline -0.005 -9"><span class='ocrx_word' id='word_1_73' title='bbox 23 421 119 456; x_wconf 80' lang='lat' dir='ltr'>mina</span> <span class='ocrx_word' id='word_1_74' title='bbox 142 419 462 465; x_wconf 72' lang='lat' dir='ltr'>superincidentium</span> <span class='ocrx_word' id='word_1_75' title='bbox 483 421 630 456; x_wconf 88' lang='lat' dir='ltr'>virorum</span> <span class='ocrx_word' id='word_1_76' title='bbox 654 432 817 464; x_wconf 87' lang='lat' dir='ltr'>equorum</span> <span class='ocrx_word' id='word_1_77' title='bbox 843 430 1078 464; x_wconf 85' lang='lat' dir='ltr'>armorumque</span> 
     </span>
     <span class='ocr_line' id='line_1_25' title="bbox 25 469 1129 517; baseline -0.003 -10"><span class='ocrx_word' id='word_1_78' title='bbox 25 471 68 508; x_wconf 82' lang='lat' dir='ltr'>sit</span> <span class='ocrx_word' id='word_1_79' title='bbox 95 483 288 516; x_wconf 75' lang='lat' dir='ltr'>oppressus,</span> <span class='ocrx_word' id='word_1_80' title='bbox 338 475 359 489; x_wconf 88' lang='lat'><strong>“</strong></span> <span class='ocrx_word' id='word_1_81' title='bbox 376 472 497 517; x_wconf 80' lang='lat' dir='ltr'>ltaque</span> <span class='ocrx_word' id='word_1_82' title='bbox 527 474 635 506; x_wconf 85' lang='lat' dir='ltr'>macte</span> <span class='ocrx_word' id='word_1_83' title='bbox 665 472 791 506; x_wconf 84' lang='lat' dir='ltr'>virtute</span> <span class='ocrx_word' id='word_1_84' title='bbox 821 470 916 505; x_wconf 84' lang='lat' dir='ltr'>esto&#39;&#39;</span> <span class='ocrx_word' id='word_1_85' title='bbox 946 469 1129 515; x_wconf 77' lang='lat' dir='ltr'>inquit213</span> 
     </span>
     <span class='ocr_line' id='line_1_26' title="bbox 26 520 1078 569; baseline -0.003 -12"><span class='ocrx_word' id='word_1_86' title='bbox 26 526 48 541; x_wconf 89' lang='lat'><strong>“</strong></span> <span class='ocrx_word' id='word_1_87' title='bbox 62 522 152 568; x_wconf 86' lang='lat' dir='ltr'>apud</span> <span class='ocrx_word' id='word_1_88' title='bbox 169 535 221 557; x_wconf 90' lang='lat' dir='ltr'>me</span> <span class='ocrx_word' id='word_1_89' title='bbox 243 522 305 557; x_wconf 88' lang='lat' dir='ltr'>tibi</span> <span class='ocrx_word' id='word_1_90' title='bbox 323 523 429 557; x_wconf 88' lang='lat' dir='ltr'>omnis</span> <span class='ocrx_word' id='word_1_91' title='bbox 446 523 552 557; x_wconf 87' lang='lat' dir='ltr'>honos</span> <span class='ocrx_word' id='word_1_92' title='bbox 570 526 671 569; x_wconf 85' lang='lat' dir='ltr'>atque</span> <span class='ocrx_word' id='word_1_93' title='bbox 694 534 792 557; x_wconf 86' lang='lat' dir='ltr'>omne</span> <span class='ocrx_word' id='word_1_94' title='bbox 810 521 982 566; x_wconf 86' lang='lat' dir='ltr'>praemium</span> <span class='ocrx_word' id='word_1_95' title='bbox 1003 520 1078 563; x_wconf 86' lang='lat' dir='ltr'>erit,</span> 
     </span>
     <span class='ocr_line' id='line_1_27' title="bbox 24 571 1078 620; baseline -0.004 -11"><span class='ocrx_word' id='word_1_96' title='bbox 24 577 58 610; x_wconf 87' lang='lat' dir='ltr'>et</span> <span class='ocrx_word' id='word_1_97' title='bbox 77 586 142 620; x_wconf 89' lang='lat' dir='ltr'>quo</span> <span class='ocrx_word' id='word_1_98' title='bbox 163 574 370 620; x_wconf 78' lang='lat' dir='ltr'>frequentior</span> <span class='ocrx_word' id='word_1_99' title='bbox 392 586 521 609; x_wconf 88' lang='lat' dir='ltr'>mecum</span> <span class='ocrx_word' id='word_1_100' title='bbox 545 574 659 617; x_wconf 86' lang='lat' dir='ltr'>fueris,</span> <span class='ocrx_word' id='word_1_101' title='bbox 677 574 802 608; x_wconf 89' lang='lat' dir='ltr'>senties</span> <span class='ocrx_word' id='word_1_102' title='bbox 829 585 901 607; x_wconf 87' lang='lat' dir='ltr'>eam</span> <span class='ocrx_word' id='word_1_103' title='bbox 918 585 990 607; x_wconf 88' lang='lat' dir='ltr'>rem</span> <span class='ocrx_word' id='word_1_104' title='bbox 1015 571 1078 606; x_wconf 88' lang='lat' dir='ltr'>tibi</span> 
     </span>
     <span class='ocr_line' id='line_1_28' title="bbox 25 622 1079 671; baseline -0.003 -11"><span class='ocrx_word' id='word_1_105' title='bbox 25 624 183 671; x_wconf 77' lang='lat' dir='ltr'>dignitati</span> <span class='ocrx_word' id='word_1_106' title='bbox 220 628 321 670; x_wconf 88' lang='lat' dir='ltr'>atque</span> <span class='ocrx_word' id='word_1_107' title='bbox 353 626 579 660; x_wconf 79' lang='lat' dir='ltr'>emolumento</span> <span class='ocrx_word' id='word_1_108' title='bbox 618 638 691 660; x_wconf 89' lang='lat' dir='ltr'>esse</span> <span class='ocrx_word' id='word_1_109' title='bbox 706 626 737 660; x_wconf 81' lang='lat'>:&#39;&#39;</span> <span class='ocrx_word' id='word_1_110' title='bbox 779 624 924 669; x_wconf 79' lang='lat' dir='ltr'>laethue</span> <span class='ocrx_word' id='word_1_111' title='bbox 959 622 1079 668; x_wconf 88' lang='lat' dir='ltr'>juveni</span> 
     </span>
     <span class='ocr_line' id='line_1_29' title="bbox 23 673 1078 722; baseline -0.002 -12"><span class='ocrx_word' id='word_1_112' title='bbox 23 676 199 722; x_wconf 81' lang='lat' dir='ltr'>promissis</span> <span class='ocrx_word' id='word_1_113' title='bbox 224 689 343 722; x_wconf 87' lang='lat' dir='ltr'>equum</span> <span class='ocrx_word' id='word_1_114' title='bbox 371 677 532 711; x_wconf 80' lang='lat' dir='ltr'>eximium</span> <span class='ocrx_word' id='word_1_115' title='bbox 558 676 644 711; x_wconf 84' lang='lat' dir='ltr'>dono</span> <span class='ocrx_word' id='word_1_116' title='bbox 670 676 727 711; x_wconf 88' lang='lat' dir='ltr'>dat</span> <span class='ocrx_word' id='word_1_117' title='bbox 753 675 954 721; x_wconf 72' lang='lat' dir='ltr'>bigatosque</span> <span class='ocrx_word' id='word_1_118' title='bbox 980 673 1078 719; x_wconf 87' lang='lat' dir='ltr'>quin-</span> 
     </span>
     <span class='ocr_line' id='line_1_30' title="bbox 24 726 1077 772; baseline -0.003 -10"><span class='ocrx_word' id='word_1_119' title='bbox 24 731 143 771; x_wconf 71' lang='lat' dir='ltr'>gentos</span> <span class='ocrx_word' id='word_1_120' title='bbox 173 732 375 772; x_wconf 75' lang='lat' dir='ltr'>quaestorem</span> <span class='ocrx_word' id='word_1_121' title='bbox 404 740 579 762; x_wconf 86' lang='lat' dir='ltr'>numcrare</span> <span class='ocrx_word' id='word_1_122' title='bbox 599 727 709 772; x_wconf 85' lang='lat' dir='ltr'>jubet,</span> <span class='ocrx_word' id='word_1_123' title='bbox 734 726 909 761; x_wconf 83' lang='lat' dir='ltr'>lictoribus</span> <span class='ocrx_word' id='word_1_124' title='bbox 934 727 1077 770; x_wconf 87' lang='lat' dir='ltr'>imperat</span> 
     </span>
     <span class='ocr_line' id='line_1_31' title="bbox 24 772 1166 824; baseline 0 -10"><span class='ocrx_word' id='word_1_125' title='bbox 24 781 63 814; x_wconf 85' lang='lat' dir='ltr'>ut</span> <span class='ocrx_word' id='word_1_126' title='bbox 87 791 164 814; x_wconf 91' lang='lat' dir='ltr'>eum</span> <span class='ocrx_word' id='word_1_127' title='bbox 182 791 218 813; x_wconf 91' lang='lat' dir='ltr'>se</span> <span class='ocrx_word' id='word_1_128' title='bbox 241 779 341 818; x_wconf 73' lang='lat' dir='ltr'>adire,</span> <span class='ocrx_word' id='word_1_129' title='bbox 361 779 516 824; x_wconf 90' lang='lat' dir='ltr'>quotiens</span> <span class='ocrx_word' id='word_1_130' title='bbox 541 779 630 821; x_wconf 86' lang='lat' dir='ltr'>velit,</span> <span class='ocrx_word' id='word_1_131' title='bbox 648 778 830 824; x_wconf 80' lang='lat' dir='ltr'>patiantur.</span> <span class='ocrx_word' id='word_1_132' title='bbox 883 777 960 811; x_wconf 86' lang='lat' dir='ltr'>Hae</span> <span class='ocrx_word' id='word_1_133' title='bbox 978 772 1166 814; x_wconf 86' lang='lat' dir='ltr'>comi-(16)</span> 
     </span>
     <span class='ocr_line' id='line_1_32' title="bbox 23 828 1078 875; baseline -0.002 -11"><span class='ocrx_word' id='word_1_134' title='bbox 23 831 95 865; x_wconf 86' lang='lat' dir='ltr'>tate</span> <span class='ocrx_word' id='word_1_135' title='bbox 116 829 270 865; x_wconf 79' lang='lat' dir='ltr'>Marcelli</span> <span class='ocrx_word' id='word_1_136' title='bbox 294 829 414 865; x_wconf 87' lang='lat' dir='ltr'>ferocis</span> <span class='ocrx_word' id='word_1_137' title='bbox 432 831 569 875; x_wconf 87' lang='lat' dir='ltr'>juvenis</span> <span class='ocrx_word' id='word_1_138' title='bbox 588 830 718 865; x_wconf 86' lang='lat' dir='ltr'>animus</span> <span class='ocrx_word' id='word_1_139' title='bbox 742 829 824 864; x_wconf 78' lang='lat' dir='ltr'>adeo</span> <span class='ocrx_word' id='word_1_140' title='bbox 842 832 894 863; x_wconf 89' lang='lat' dir='ltr'>est</span> <span class='ocrx_word' id='word_1_141' title='bbox 917 828 1078 871; x_wconf 86' lang='lat' dir='ltr'>mollitus,</span> 
     </span>
     <span class='ocr_line' id='line_1_33' title="bbox 48 879 1080 916; baseline -0.003 0"><span class='ocrx_word' id='word_1_142' title='bbox 48 883 177 916; x_wconf 87' lang='lat' dir='ltr'>tnemo</span> <span class='ocrx_word' id='word_1_143' title='bbox 201 880 278 916; x_wconf 87' lang='lat' dir='ltr'>inde</span> <span class='ocrx_word' id='word_1_144' title='bbox 295 881 463 916; x_wconf 88' lang='lat' dir='ltr'>sociorum</span> <span class='ocrx_word' id='word_1_145' title='bbox 489 894 556 916; x_wconf 86' lang='lat' dir='ltr'>rem</span> <span class='ocrx_word' id='word_1_146' title='bbox 583 882 769 916; x_wconf 83' lang='lat' dir='ltr'>Romanam</span> <span class='ocrx_word' id='word_1_147' title='bbox 793 879 915 914; x_wconf 88' lang='lat' dir='ltr'>fortius</span> <span class='ocrx_word' id='word_1_148' title='bbox 941 891 979 914; x_wconf 89' lang='lat' dir='ltr'>ac</span> <span class='ocrx_word' id='word_1_149' title='bbox 999 879 1080 914; x_wconf 87' lang='lat' dir='ltr'>fide-</span> 
     </span>
     <span class='ocr_line' id='line_1_34' title="bbox 36 930 1080 978; baseline -0.002 -11"><span class='ocrx_word' id='word_1_150' title='bbox 36 931 87 967; x_wconf 91' lang='lat' dir='ltr'>ius</span> <span class='ocrx_word' id='word_1_151' title='bbox 111 932 251 977; x_wconf 84' lang='lat' dir='ltr'>juverit,</span> <span class='ocrx_word' id='word_1_152' title='bbox 276 945 380 978; x_wconf 87' lang='lat' dir='ltr'>quum</span> <span class='ocrx_word' id='word_1_153' title='bbox 412 932 585 968; x_wconf 83' lang='lat' dir='ltr'>Hannibal</span> <span class='ocrx_word' id='word_1_154' title='bbox 610 933 652 967; x_wconf 88' lang='lat' dir='ltr'>ad</span> <span class='ocrx_word' id='word_1_155' title='bbox 677 935 792 978; x_wconf 85' lang='lat' dir='ltr'>portas</span> <span class='ocrx_word' id='word_1_156' title='bbox 817 930 1080 966; x_wconf 89' lang='lat' dir='ltr'>esset—Nolam</span> 
     </span>
     <span class='ocr_line' id='line_1_35' title="bbox 43 981 1080 1028; baseline -0.001 -11"><span class='ocrx_word' id='word_1_157' title='bbox 43 983 112 1017; x_wconf 86' lang='lat' dir='ltr'>nim</span> <span class='ocrx_word' id='word_1_158' title='bbox 128 996 245 1018; x_wconf 87' lang='lat' dir='ltr'>rursus</span> <span class='ocrx_word' id='word_1_159' title='bbox 263 995 282 1017; x_wconf 88' lang='lat' dir='ltr'>a</span> <span class='ocrx_word' id='word_1_160' title='bbox 301 983 449 1018; x_wconf 84' lang='lat' dir='ltr'>Nuceria</span> <span class='ocrx_word' id='word_1_161' title='bbox 465 984 571 1019; x_wconf 87' lang='lat' dir='ltr'>movit</span> <span class='ocrx_word' id='word_1_162' title='bbox 589 982 928 1028; x_wconf 81' lang='lat' dir='ltr'>castra—plebesque</span> <span class='ocrx_word' id='word_1_163' title='bbox 946 981 1080 1017; x_wconf 82' lang='lat' dir='ltr'>Nolana</span> 
     </span>
     <span class='ocr_line' id='line_1_36' title="bbox 47 1034 712 1080; baseline 0.002 -12"><span class='ocrx_word' id='word_1_164' title='bbox 47 1046 65 1069; x_wconf 93' lang='lat' dir='ltr'>e</span> <span class='ocrx_word' id='word_1_165' title='bbox 82 1035 214 1080; x_wconf 86' lang='lat' dir='ltr'>integro</span> <span class='ocrx_word' id='word_1_166' title='bbox 231 1034 273 1069; x_wconf 89' lang='lat' dir='ltr'>ad</span> <span class='ocrx_word' id='word_1_167' title='bbox 290 1034 512 1070; x_wconf 84' lang='lat' dir='ltr'>defectionem</span> <span class='ocrx_word' id='word_1_168' title='bbox 531 1038 712 1080; x_wconf 85' lang='lat' dir='ltr'>spectaret.</span> 
     </span>
    </p>

    <p class='ocr_par' dir='ltr' id='par_1_4' title="bbox 25 1085 1109 1800">
     <span class='ocr_line' id='line_1_37' title="bbox 70 1085 1108 1121; baseline -0.002 -1"><span class='ocrx_word' id='word_1_169' title='bbox 70 1085 254 1120; x_wconf 88' lang='lat' dir='ltr'>Marcellus</span> <span class='ocrx_word' id='word_1_170' title='bbox 286 1085 349 1121; x_wconf 89' lang='lat' dir='ltr'>sub</span> <span class='ocrx_word' id='word_1_171' title='bbox 382 1086 564 1121; x_wconf 85' lang='lat' dir='ltr'>adventum</span> <span class='ocrx_word' id='word_1_172' title='bbox 593 1086 741 1121; x_wconf 87' lang='lat' dir='ltr'>hostium</span> <span class='ocrx_word' id='word_1_173' title='bbox 774 1085 863 1120; x_wconf 89' lang='lat' dir='ltr'>intra</span> <span class='ocrx_word' id='word_1_174' title='bbox 895 1097 1009 1119; x_wconf 85' lang='lat' dir='ltr'>muros</span> <span class='ocrx_word' id='word_1_175' title='bbox 1043 1089 1108 1119; x_wconf 90' lang='lat' dir='ltr'>se2</span> 
     </span>
     <span class='ocr_line' id='line_1_38' title="bbox 43 1135 1078 1182; baseline -0.001 -11"><span class='ocrx_word' id='word_1_176' title='bbox 43 1137 160 1182; x_wconf 86' lang='lat' dir='ltr'>ecepit,</span> <span class='ocrx_word' id='word_1_177' title='bbox 190 1149 257 1171; x_wconf 88' lang='lat' dir='ltr'>non</span> <span class='ocrx_word' id='word_1_178' title='bbox 289 1137 408 1172; x_wconf 87' lang='lat' dir='ltr'>castris</span> <span class='ocrx_word' id='word_1_179' title='bbox 437 1146 590 1172; x_wconf 77' lang='lat' dir='ltr'>metuens</span> <span class='ocrx_word' id='word_1_180' title='bbox 623 1137 682 1172; x_wconf 89' lang='lat' dir='ltr'>sed</span> <span class='ocrx_word' id='word_1_181' title='bbox 710 1150 753 1172; x_wconf 92' lang='lat' dir='ltr'>ne</span> <span class='ocrx_word' id='word_1_182' title='bbox 780 1136 958 1182; x_wconf 78' lang='lat' dir='ltr'>prodendae</span> <span class='ocrx_word' id='word_1_183' title='bbox 987 1135 1078 1170; x_wconf 84' lang='lat' dir='ltr'>urbis</span> 
     </span>
     <span class='ocr_line' id='line_1_39' title="bbox 46 1187 1077 1224; baseline -0.001 -2"><span class='ocrx_word' id='word_1_184' title='bbox 46 1188 231 1223; x_wconf 73' lang='lat' dir='ltr'>censionem</span> <span class='ocrx_word' id='word_1_185' title='bbox 259 1188 358 1223; x_wconf 87' lang='lat' dir='ltr'>nimis</span> <span class='ocrx_word' id='word_1_186' title='bbox 385 1188 501 1224; x_wconf 84' lang='lat' dir='ltr'>multis</span> <span class='ocrx_word' id='word_1_187' title='bbox 532 1189 567 1223; x_wconf 88' lang='lat' dir='ltr'>in</span> <span class='ocrx_word' id='word_1_188' title='bbox 593 1201 666 1224; x_wconf 81' lang='lat' dir='ltr'>eam</span> <span class='ocrx_word' id='word_1_189' title='bbox 692 1188 945 1224; x_wconf 86' lang='lat' dir='ltr'>imminentibus</span> <span class='ocrx_word' id='word_1_190' title='bbox 972 1187 1077 1222; x_wconf 76' lang='lat' dir='ltr'>daret.</span> 
     </span>
     <span class='ocr_line' id='line_1_40' title="bbox 69 1239 1108 1286; baseline -0.001 -13"><span class='ocrx_word' id='word_1_191' title='bbox 69 1239 155 1274; x_wconf 83' lang='lat' dir='ltr'>strui</span> <span class='ocrx_word' id='word_1_192' title='bbox 179 1239 299 1274; x_wconf 85' lang='lat' dir='ltr'>deinde</span> <span class='ocrx_word' id='word_1_193' title='bbox 316 1239 486 1286; x_wconf 88' lang='lat' dir='ltr'>utrimque</span> <span class='ocrx_word' id='word_1_194' title='bbox 511 1240 597 1275; x_wconf 84' lang='lat' dir='ltr'>acies</span> <span class='ocrx_word' id='word_1_195' title='bbox 615 1244 743 1286; x_wconf 68' lang='lat' dir='ltr'>coeptae,</span> <span class='ocrx_word' id='word_1_196' title='bbox 761 1240 991 1274; x_wconf 82' lang='lat' dir='ltr'>Romanorum</span> <span class='ocrx_word' id='word_1_197' title='bbox 1017 1246 1108 1283; x_wconf 88' lang='lat' dir='ltr'>pro3</span> 
     </span>
     <span class='ocr_line' id='line_1_41' title="bbox 25 1289 1109 1334; baseline -0.003 -9"><span class='ocrx_word' id='word_1_198' title='bbox 25 1290 187 1325; x_wconf 86' lang='lat' dir='ltr'>moenibus</span> <span class='ocrx_word' id='word_1_199' title='bbox 221 1290 328 1334; x_wconf 83' lang='lat' dir='ltr'>Nolae,</span> <span class='ocrx_word' id='word_1_200' title='bbox 361 1291 544 1326; x_wconf 87' lang='lat' dir='ltr'>Poenorum</span> <span class='ocrx_word' id='word_1_201' title='bbox 577 1295 655 1326; x_wconf 81' lang='lat' dir='ltr'>ante</span> <span class='ocrx_word' id='word_1_202' title='bbox 689 1294 800 1326; x_wconf 87' lang='lat' dir='ltr'>castra</span> <span class='ocrx_word' id='word_1_203' title='bbox 833 1302 904 1325; x_wconf 85' lang='lat' dir='ltr'>sua.</span> <span class='ocrx_word' id='word_1_204' title='bbox 954 1289 1109 1324; x_wconf 76' lang='lat' dir='ltr'>Proeha4</span> 
     </span>
     <span class='ocr_line' id='line_1_42' title="bbox 26 1341 1078 1389; baseline 0 -13"><span class='ocrx_word' id='word_1_205' title='bbox 26 1341 101 1376; x_wconf 86' lang='lat' dir='ltr'>hinc</span> <span class='ocrx_word' id='word_1_206' title='bbox 124 1353 226 1387; x_wconf 83' lang='lat' dir='ltr'>parva</span> <span class='ocrx_word' id='word_1_207' title='bbox 246 1342 335 1377; x_wconf 89' lang='lat' dir='ltr'>inter</span> <span class='ocrx_word' id='word_1_208' title='bbox 358 1342 475 1377; x_wconf 88' lang='lat' dir='ltr'>urbem</span> <span class='ocrx_word' id='word_1_209' title='bbox 501 1346 678 1389; x_wconf 73' lang='lat' dir='ltr'>castraque</span> <span class='ocrx_word' id='word_1_210' title='bbox 703 1346 738 1377; x_wconf 88' lang='lat' dir='ltr'>et</span> <span class='ocrx_word' id='word_1_211' title='bbox 760 1342 851 1377; x_wconf 87' lang='lat' dir='ltr'>vario</span> <span class='ocrx_word' id='word_1_212' title='bbox 875 1344 999 1376; x_wconf 80' lang='lat' dir='ltr'>eventu</span> <span class='ocrx_word' id='word_1_213' title='bbox 1022 1341 1078 1376; x_wconf 88' lang='lat' dir='ltr'>fie-</span> 
     </span>
     <span class='ocr_line' id='line_1_43' title="bbox 26 1391 1079 1440; baseline 0 -13"><span class='ocrx_word' id='word_1_214' title='bbox 26 1391 115 1436; x_wconf 80' lang='lat' dir='ltr'>bant,</span> <span class='ocrx_word' id='word_1_215' title='bbox 139 1393 217 1439; x_wconf 87' lang='lat' dir='ltr'>quia</span> <span class='ocrx_word' id='word_1_216' title='bbox 241 1395 343 1428; x_wconf 86' lang='lat' dir='ltr'>duces</span> <span class='ocrx_word' id='word_1_217' title='bbox 367 1406 429 1429; x_wconf 90' lang='lat' dir='ltr'>nec</span> <span class='ocrx_word' id='word_1_218' title='bbox 455 1394 630 1440; x_wconf 84' lang='lat' dir='ltr'>prohibere</span> <span class='ocrx_word' id='word_1_219' title='bbox 656 1406 781 1439; x_wconf 83' lang='lat' dir='ltr'>paucos</span> <span class='ocrx_word' id='word_1_220' title='bbox 806 1397 934 1428; x_wconf 88' lang='lat' dir='ltr'>temere</span> <span class='ocrx_word' id='word_1_221' title='bbox 959 1405 1079 1439; x_wconf 90' lang='lat' dir='ltr'>provo-</span> 
     </span>
     <span class='ocr_line' id='line_1_44' title="bbox 44 1444 1108 1491; baseline -0.001 -13"><span class='ocrx_word' id='word_1_222' title='bbox 44 1447 139 1479; x_wconf 85' lang='lat' dir='ltr'>antes</span> <span class='ocrx_word' id='word_1_223' title='bbox 156 1456 217 1479; x_wconf 89' lang='lat' dir='ltr'>nec</span> <span class='ocrx_word' id='word_1_224' title='bbox 235 1444 313 1480; x_wconf 83' lang='lat' dir='ltr'>dare</span> <span class='ocrx_word' id='word_1_225' title='bbox 330 1445 464 1490; x_wconf 80' lang='lat' dir='ltr'>signum</span> <span class='ocrx_word' id='word_1_226' title='bbox 489 1445 655 1480; x_wconf 80' lang='lat' dir='ltr'>universae</span> <span class='ocrx_word' id='word_1_227' title='bbox 672 1458 796 1491; x_wconf 77' lang='lat' dir='ltr'>pugnae</span> <span class='ocrx_word' id='word_1_228' title='bbox 817 1445 985 1480; x_wconf 81' lang='lat' dir='ltr'>volebant.</span> <span class='ocrx_word' id='word_1_229' title='bbox 1036 1445 1108 1479; x_wconf 85' lang='lat' dir='ltr'>In5</span> 
     </span>
     <span class='ocr_line' id='line_1_45' title="bbox 36 1495 1080 1542; baseline 0 -12"><span class='ocrx_word' id='word_1_230' title='bbox 36 1508 95 1530; x_wconf 77' lang='lat' dir='ltr'>iaec</span> <span class='ocrx_word' id='word_1_231' title='bbox 116 1495 311 1542; x_wconf 85' lang='lat' dir='ltr'>quotidiana.</span> <span class='ocrx_word' id='word_1_232' title='bbox 329 1499 399 1542; x_wconf 84' lang='lat' dir='ltr'>jam</span> <span class='ocrx_word' id='word_1_233' title='bbox 424 1496 566 1531; x_wconf 87' lang='lat' dir='ltr'>duorum</span> <span class='ocrx_word' id='word_1_234' title='bbox 589 1498 798 1532; x_wconf 78' lang='lat' dir='ltr'>exercituum</span> <span class='ocrx_word' id='word_1_235' title='bbox 823 1497 968 1532; x_wconf 81' lang='lat' dir='ltr'>statione</span> <span class='ocrx_word' id='word_1_236' title='bbox 986 1495 1080 1541; x_wconf 89' lang='lat' dir='ltr'>prin-</span> 
     </span>
     <span class='ocr_line' id='line_1_46' title="bbox 45 1547 1080 1593; baseline 0 -12"><span class='ocrx_word' id='word_1_237' title='bbox 45 1547 116 1592; x_wconf 91' lang='lat' dir='ltr'>ipes</span> <span class='ocrx_word' id='word_1_238' title='bbox 135 1547 343 1582; x_wconf 78' lang='lat' dir='ltr'>Nolanorum</span> <span class='ocrx_word' id='word_1_239' title='bbox 366 1549 524 1584; x_wconf 84' lang='lat' dir='ltr'>nuntiant</span> <span class='ocrx_word' id='word_1_240' title='bbox 543 1548 713 1590; x_wconf 86' lang='lat' dir='ltr'>Marcello,</span> <span class='ocrx_word' id='word_1_241' title='bbox 732 1551 898 1583; x_wconf 81' lang='lat' dir='ltr'>nocturna</span> <span class='ocrx_word' id='word_1_242' title='bbox 914 1547 1080 1593; x_wconf 82' lang='lat' dir='ltr'>colloquia</span> 
     </span>
     <span class='ocr_line' id='line_1_47' title="bbox 27 1598 1080 1645; baseline 0 -12"><span class='ocrx_word' id='word_1_243' title='bbox 27 1598 113 1633; x_wconf 86' lang='lat' dir='ltr'>inter</span> <span class='ocrx_word' id='word_1_244' title='bbox 129 1598 259 1643; x_wconf 88' lang='lat' dir='ltr'>plebem</span> <span class='ocrx_word' id='word_1_245' title='bbox 279 1611 316 1634; x_wconf 89' lang='lat' dir='ltr'>ac</span> <span class='ocrx_word' id='word_1_246' title='bbox 334 1599 454 1634; x_wconf 84' lang='lat' dir='ltr'>Poenos</span> <span class='ocrx_word' id='word_1_247' title='bbox 472 1599 544 1634; x_wconf 84' lang='lat' dir='ltr'>fieri</span> <span class='ocrx_word' id='word_1_248' title='bbox 561 1603 797 1645; x_wconf 84' lang='lat' dir='ltr'>statutumque</span> <span class='ocrx_word' id='word_1_249' title='bbox 815 1612 889 1635; x_wconf 87' lang='lat' dir='ltr'>esse</span> <span class='ocrx_word' id='word_1_250' title='bbox 906 1602 955 1641; x_wconf 84' lang='lat' dir='ltr'>ut,</span> <span class='ocrx_word' id='word_1_251' title='bbox 975 1611 1080 1644; x_wconf 88' lang='lat' dir='ltr'>quum</span> 
     </span>
     <span class='ocr_line' id='line_1_48' title="bbox 27 1649 1080 1696; baseline -0.001 -12"><span class='ocrx_word' id='word_1_252' title='bbox 27 1649 179 1684; x_wconf 83' lang='lat' dir='ltr'>Romana</span> <span class='ocrx_word' id='word_1_253' title='bbox 198 1650 284 1685; x_wconf 86' lang='lat' dir='ltr'>acies</span> <span class='ocrx_word' id='word_1_254' title='bbox 310 1659 446 1696; x_wconf 74' lang='lat' dir='ltr'>egressa</span> <span class='ocrx_word' id='word_1_255' title='bbox 472 1650 577 1696; x_wconf 87' lang='lat' dir='ltr'>portis</span> <span class='ocrx_word' id='word_1_256' title='bbox 602 1651 678 1693; x_wconf 90' lang='lat' dir='ltr'>iret,</span> <span class='ocrx_word' id='word_1_257' title='bbox 700 1651 941 1696; x_wconf 85' lang='lat' dir='ltr'>impedimenta</span> <span class='ocrx_word' id='word_1_258' title='bbox 963 1662 1080 1684; x_wconf 84' lang='lat' dir='ltr'>eorum</span> 
     </span>
     <span class='ocr_line' id='line_1_49' title="bbox 46 1702 1079 1749; baseline 0 -13"><span class='ocrx_word' id='word_1_259' title='bbox 46 1713 64 1736; x_wconf 89' lang='lat' dir='ltr'>c</span> <span class='ocrx_word' id='word_1_260' title='bbox 81 1702 226 1736; x_wconf 85' lang='lat' dir='ltr'>sarcinas</span> <span class='ocrx_word' id='word_1_261' title='bbox 250 1702 443 1748; x_wconf 85' lang='lat' dir='ltr'>diriperent,</span> <span class='ocrx_word' id='word_1_262' title='bbox 462 1702 657 1739; x_wconf 75' lang='lat' dir='ltr'>clauderent</span> <span class='ocrx_word' id='word_1_263' title='bbox 683 1703 803 1738; x_wconf 89' lang='lat' dir='ltr'>deinde</span> <span class='ocrx_word' id='word_1_264' title='bbox 820 1706 935 1749; x_wconf 88' lang='lat' dir='ltr'>portas</span> <span class='ocrx_word' id='word_1_265' title='bbox 953 1715 1079 1736; x_wconf 88' lang='lat' dir='ltr'>muros-</span> 
     </span>
     <span class='ocr_line' id='line_1_50' title="bbox 50 1754 1082 1800; baseline 0 -12"><span class='ocrx_word' id='word_1_266' title='bbox 50 1765 92 1788; x_wconf 91' lang='lat' dir='ltr'>ue</span> <span class='ocrx_word' id='word_1_267' title='bbox 108 1756 324 1799; x_wconf 83' lang='lat' dir='ltr'>occuparent,</span> <span class='ocrx_word' id='word_1_268' title='bbox 340 1757 380 1789; x_wconf 91' lang='lat' dir='ltr'>ut</span> <span class='ocrx_word' id='word_1_269' title='bbox 401 1757 559 1799; x_wconf 86' lang='lat' dir='ltr'>potentes</span> <span class='ocrx_word' id='word_1_270' title='bbox 580 1767 691 1790; x_wconf 85' lang='lat' dir='ltr'>rerum</span> <span class='ocrx_word' id='word_1_271' title='bbox 708 1767 846 1790; x_wconf 84' lang='lat' dir='ltr'>suarum</span> <span class='ocrx_word' id='word_1_272' title='bbox 869 1758 970 1800; x_wconf 83' lang='lat' dir='ltr'>atque</span> <span class='ocrx_word' id='word_1_273' title='bbox 988 1754 1082 1788; x_wconf 88' lang='lat' dir='ltr'>urbis</span> 
     </span>
    </p>
   </div>
   <div class='ocr_carea' id='block_1_4' title="bbox 686 1866 702 1880">
    <p class='ocr_par' dir='ltr' id='par_1_5' title="bbox 686 1866 702 1880">
     <span class='ocr_line' id='line_1_51' title="bbox 686 1866 702 1880; baseline 0 0"><span class='ocrx_word' id='word_1_274' title='bbox 686 1866 702 1880; x_wconf 68' lang='lat'><em>0</em></span> 
     </span>
    </p>
   </div>
  </div>
 </body>
</html>
