1298 1921
379 21 458 52 LIB
492 21 633 52 XXIII.
660 23 794 54 18—20.
1060 24 1118 54 161

133 83 149 91 ,.
165 66 179 91 2
215 85 220 91 .

71 65 410 135 libstlesmsbrvabant:
440 98 487 134 ibi
515 98 675 134 haerentia
701 98 790 133 inter
816 96 940 133 obnata
965 97 1045 144 ripis
1071 110 1121 132 sa·

69 150 148 186 licta
184 150 435 196 conspiciuntur
472 150 733 195 nuntiatumque
767 149 951 184 Hannibali
989 153 1051 191 est,
1087 152 1121 184 et

68 201 187 237 deinde
219 202 400 237 intentiore
439 201 593 237 custodia
625 204 762 236 cantum
795 212 837 235 ne
878 200 957 246 quid
990 200 1120 236 falleret

69 253 238 288 Vulturno
267 252 309 287 ad
337 253 454 288 urbem
486 253 635 287 missum.
686 252 801 287 Nuces
830 255 943 286 tamen
967 251 1050 287 susae
1079 251 1152 291 ab?

67 304 231 339 Romanis
256 304 375 339 castris
402 317 504 348 quum
528 303 638 339 medio
663 304 754 338 amni
779 302 820 338 ad
846 303 1031 338 Casilinum
1065 303 1119 338 de-

66 355 219 397 fluerent,
238 355 387 390 cratibus
405 354 667 401 excipiebantur.
717 355 894 390 Postremo
919 354 961 389 ad
982 354 1016 389 id
1041 363 1150 393 ven-8

65 409 139 441 tum
157 406 277 452 inopiae
295 410 356 451 est,
379 410 418 442 ut
442 408 514 441 lora
537 406 772 452 detractasque
795 405 900 441 scutis
923 405 1037 451 pelles,
1062 406 1118 441 ubi

66 457 194 493 fervida
210 458 395 493 mollissent
413 471 508 504 aqna,
527 457 684 493 mandere
708 460 921 500 conarentur,
938 469 999 492 nec
1017 458 1118 492 niuri-

65 507 128 544 bus
146 509 251 544 aliove
269 509 403 545 animali
420 509 637 551 abstinerent,
657 511 691 543 et
708 521 806 544 omne
830 508 1010 543 herbarum
1033 509 1118 543 radi-

65 571 207 606 cumque
239 573 346 606 genus
379 560 557 607 aggeribus
586 560 707 595 infimis
740 560 828 595 muri
857 564 1023 595 eruerent.
1072 560 1150 595 1319

65 623 168 657 quum
185 612 299 647 hostes
320 611 515 647 obarassent
536 610 699 658 quidquid
721 611 852 646 herbidi
875 611 1001 646 terreni
1022 616 1119 646 extra

63 675 196 698 murum
221 669 303 706 erat,
330 675 488 708 raporum
513 674 627 698 semen
652 662 851 708 injecerunt,
877 667 915 697 ut
945 662 1117 697 Hannibal

63 716 83 732 “
98 714 193 749 Eone
209 727 326 761 usque,
345 714 424 749 dum
442 726 481 749 ea
496 717 688 758 nascantur,
702 713 743 748 ad
761 713 946 748 Casilinum
963 726 1117 749 sessurus

29 760 35 765 ”
63 776 138 799 sum
150 766 186 800 ?”
224 765 444 801 exclamaret:
485 773 520 800 et
551 765 609 811 qui
640 764 765 800 nullam
798 768 897 800 antea
928 765 1117 810 pactionem

62 816 200 852 ausibus
227 817 416 860 admiserat,
440 819 514 852 tum
543 816 675 852 demum
702 816 756 862 agi
781 828 894 851 secum
919 820 969 853 est
996 827 1116 861 passus

62 867 104 902 de
119 867 349 914 redemptione
371 868 550 904 liberorum
573 867 733 913 capitum.
782 867 970 913 septunces
992 868 1062 903 anri
1081 868 1116 903 in
1130 874 1169 905 10

61 919 211 966 singulos
243 921 390 966 pretium
422 919 598 955 convenit:
635 918 701 954 fide
733 923 871 965 accepta
902 919 1115 954 tradiderunt

60 984 155 1007 sese:
190 972 295 1008 donec
323 985 420 1008 omne
445 984 564 1007 aurum
589 971 798 1017 persolutum
823 975 885 1013 est,
911 971 948 1012 in
972 972 1114 1008 vinculis

60 1023 176 1068 habiti,
202 1027 276 1059 tum
304 1024 435 1060 remissi
468 1024 592 1059 Cumas
622 1036 698 1059 cum
723 1023 799 1059 fide.
848 1023 891 1059 Id
917 1025 1028 1060 verius
1062 1029 1165 1060 estu

0 1103 3 1114 ‚
59 1087 158 1121 quam
176 1075 218 1111 ab
234 1077 348 1122 equite
364 1076 400 1110 in
421 1075 584 1111 abeuntes
600 1075 750 1110 immisso
766 1076 974 1111 interfectos.
1023 1076 1114 1111 Prae-

0 1146 3 1164 ι
57 1127 183 1162 nestini
203 1128 348 1162 maxima
363 1139 440 1173 pars
463 1127 577 1162 fuere:
604 1139 646 1162 ex
669 1127 862 1172 quingentis
886 1128 1111 1174 septuaginta,

0 1204 3 1209 .
57 1179 118 1224 qui
133 1179 170 1214 in
186 1179 341 1225 praesidio
358 1179 506 1221 fuerunt,
525 1178 636 1213 minus
658 1178 832 1213 dimidium
849 1178 976 1214 ferrum
993 1179 1114 1214 fames-

0 1235 2 1240 '
57 1242 122 1276 que
139 1230 337 1276 absumpsit,
355 1230 467 1266 caeteri
484 1229 668 1265 incolumes
686 1230 857 1265 Praeneste
874 1242 950 1265 cum
968 1233 1113 1276 praetore

56 1293 118 1317 suo
135 1282 185 1317 M.
200 1281 479 1317 Anicio—scriba
491 1281 519 1316 is
533 1284 633 1316 antea
645 1281 988 1317 fuerat—redierunt.
1040 1282 1112 1317 Sta·
1129 1288 1166 1318 12

55 1334 116 1368 tua
140 1335 214 1379 ejus
234 1333 358 1368 indicio
382 1333 448 1368 fuit
471 1333 644 1367 Praeneste
663 1333 699 1367 in
723 1333 797 1368 foro
818 1335 956 1377 statuta,
973 1333 1114 1369 loricata

0 1406 6 1424 ,ν
55 1385 178 1420 amicta
193 1388 274 1431 toga
286 1384 396 1420 velato
410 1384 528 1430 capite,
542 1386 576 1419 et
589 1385 658 1419 tria
674 1384 771 1430 signa
787 1396 863 1419 eum
877 1384 977 1420 titulo
994 1384 1112 1421 lamnae

54 1447 155 1471 aeneae
176 1436 349 1482 inscripto,
365 1435 415 1471 M.
433 1435 589 1470 Anicium
612 1447 673 1480 pro
698 1435 873 1480 militibus,
890 1435 948 1482 qui
973 1436 1111 1472 Casilini

0 1513 2 1520 .
52 1486 89 1522 in
105 1487 260 1533 praesidio
280 1487 417 1530 fuerint,
434 1490 552 1522 votum
569 1486 701 1522 vovisse
716 1502 723 1521 :
750 1486 838 1522 idem
855 1487 977 1522 titulus
999 1488 1108 1523 tribus

0 1574 1 1579 ,
53 1538 158 1584 signis
171 1539 206 1574 in
223 1538 294 1574 aede
307 1538 468 1573 Fortunae
485 1538 604 1584 positis
622 1538 687 1572 fuit
701 1538 885 1584 subjectus.
927 1539 1107 1574 Casilinum
1121 1540 1204 1583 (20¹

52 1590 212 1636 oppidum
237 1590 407 1625 redditum
436 1589 616 1635 Campanis
641 1592 694 1624 est
718 1590 887 1626 firmatum
917 1591 1110 1637 septingen-

51 1645 165 1677 torum
188 1642 333 1677 militum
351 1641 392 1676 de
417 1641 568 1676 exercitu
586 1641 786 1677 Hannibalis
810 1642 974 1688 praesidio,
993 1655 1036 1677 ne
1052 1643 1111 1678 ubi

51 1693 176 1729 Poenns
205 1693 283 1729 inde
312 1693 528 1728 abscessisset
554 1693 697 1728 Romani
724 1697 969 1740 oppugnarent.
1020 1694 1143 1729 Prae-2

51 1745 192 1781 nestim‘s
212 1745 375 1781 militibus
400 1749 538 1780 senatus
563 1744 739 1780 Romanus
757 1745 883 1792 duplex
906 1745 1112 1791 stipendium

97 1814 153 1833 nv.
166 1815 239 1835 msr.
253 1816 289 1834 11.
562 1806 591 1830 M
