1298 1921
396 55 486 86 LIB.
510 54 637 85 XXIV.
663 56 711 91 22,
730 56 780 86 23.
1057 57 1120 87 227

65 98 102 123 Α.
114 97 143 122 C.
158 93 229 126 214]

62 130 186 172 liberis,
220 130 355 175 postero
373 128 426 164 die
449 129 585 164 comitia
605 131 786 174 praetorum
811 128 945 163 creandi
963 131 1043 163 sunt
1061 129 1119 164 ha-

63 180 144 217 bita.
194 180 337 216 Creatus
360 180 395 216 in
419 180 535 227 primis
558 180 832 219 Andranodorus,
860 180 972 215 caeteri
997 186 1147 226 magna3

63 244 103 267 ex
134 235 229 278 parte
257 231 492 267 interfectores
517 231 670 277 tyranni:
707 231 791 266 duos
821 231 922 266 etiam
947 231 1114 274 absentes,

62 284 244 329 Sopatrum
271 295 309 318 ac
338 283 562 325 Dinomenen,
591 283 755 318 fecerunt.
805 282 876 320 Qui
905 283 1029 318 auditis
1064 283 1148 326 iis,4

61 346 135 381 quae
163 334 335 380 Syracusis
369 338 446 369 acta
477 337 583 376 erant,
610 334 788 380 pecuniam
820 334 945 380 regiam
976 347 1050 381 quae
1082 336 1118 369 in

61 386 238 421 Leontinis
263 388 336 421 crat
362 386 544 432 Syracusas
569 385 742 421 devectam
768 385 992 431 quaestoribus
1015 386 1058 426 ad
1081 386 1118 421 id

60 437 173 483 ipsum
203 437 324 472 creatis
351 437 586 473 tradiderunt:
615 442 650 472 et
679 449 719 472 ea
742 449 818 483 quae
841 437 877 472 in
901 437 1020 472 Insula
1044 443 1117 473 erat

60 488 287 524 Achradinam
310 488 437 524 tradita
459 492 523 531 est,
542 489 697 535 murique
719 501 759 524 ea
781 501 869 534 pars,
895 501 969 535 quae
993 489 1034 525 ab
1057 502 1119 525 cae-

61 542 137 575 tera
159 540 242 575 urbe
267 540 365 575 nimis
389 540 484 576 firmo
506 540 715 575 munimento
740 540 991 586 intersaepiebat
1016 541 1118 576 Insu-

62 591 140 634 lam,
156 604 322 627 consensu
338 592 487 627 omnium
504 591 636 636 dejecta
652 593 714 626 est.
758 591 918 637 Sequutae
936 595 970 627 et
987 595 1117 628 caeterae
1128 600 1146 629 5

63 655 118 678 res
135 643 221 678 hanc
238 643 487 678 inclinationem
505 643 691 678 animorum
708 642 750 677 ad
766 642 967 678 libertatem.

109 696 223 741 Atque
243 695 468 740 Hippocrates
492 698 593 741 atque
610 693 775 740 Epicydes
799 694 914 730 audita
938 697 1045 731 morte
1067 700 1117 742 ty·
1127 701 1146 731 6

62 746 168 788 ranni,
187 758 286 791 qnam
303 746 529 792 Hippocrates
553 745 654 781 etiam
670 745 792 780 nuntio
815 746 994 782 interfecto
1011 746 1118 783 celare

61 797 222 839 voluerat,
257 796 383 832 deserti
415 810 434 832 a
451 797 623 839 militibus,
657 797 736 843 quia
767 796 802 832 id
833 797 1040 833 tutissimum
1073 811 1118 834 ex

61 847 283 894 praesentibus
307 848 495 891 videbatur,
515 849 696 895 Syracusas
713 847 852 884 rediere.
902 849 969 885 Ubi
985 862 1027 885 ne
1045 854 1147 887 sus-7

61 899 152 945 pecti
174 901 431 936 obversarentur
456 903 627 946 tamquam
647 900 792 936 novandi
819 912 872 936 res
896 899 1040 947 aliquam
1062 914 1118 937 oc-

61 951 228 987 casionem
260 955 458 997 quaerentes,
484 956 645 998 praetores
678 951 832 998 primum,
860 953 941 988 dein
970 965 1029 998 per
1061 964 1117 988 eos

62 1006 215 1037 senatum
234 1002 381 1038 adeunt:
408 1003 449 1039 ab
472 1003 663 1038 Hannibale
681 1015 718 1038 se
739 1003 858 1039 missos
875 1004 1057 1049 praedicant
1075 1004 1116 1039 ad

61 1054 307 1100 Hieronymum
340 1057 509 1101 tamquam
546 1054 689 1090 amicum
722 1067 760 1090 ac
793 1056 932 1098 socium,
965 1056 1118 1102 paruisse

62 1105 203 1150 imperio
228 1108 300 1150 ejus
326 1108 423 1151 cujus
448 1107 631 1152 imperator
657 1118 739 1142 suus
765 1106 932 1142 voluerit:
963 1107 1046 1143 velle
1075 1107 1118 1142 ad

62 1156 289 1192 Hannibalem
315 1157 434 1200 redire,
458 1160 625 1200 caeterum,
645 1170 748 1203 quum
770 1158 836 1193 iter
858 1161 972 1193 tutum
988 1171 1056 1193 non
1073 1159 1118 1194 sit

61 1207 262 1253 vagantibus
287 1208 410 1254 passim
435 1220 495 1254 per
518 1212 626 1243 totam
652 1209 796 1244 Siciliam
820 1209 981 1245 Romanis
1005 1210 1116 1253 armis,

62 1262 178 1304 petere
199 1264 239 1294 ut
259 1259 405 1305 praesidii
423 1259 504 1294 dent
529 1259 664 1306 aliquid,
686 1273 751 1307 quo
774 1261 898 1296 Locros
923 1261 959 1296 in
984 1262 1118 1297 Italiam

62 1309 310 1355 perducantur:
344 1310 488 1356 gratiam
514 1323 669 1357 magnam
694 1324 751 1346 eos
773 1324 878 1357 parva
901 1325 1002 1359 opera
1030 1313 1119 1359 apud

62 1361 287 1396 Hannibalem
304 1361 457 1397 inituros.
507 1362 619 1398 Facile
635 1375 689 1398 res
703 1363 898 1409 impetrata:
925 1364 1016 1400 abire
1030 1365 1117 1400 enim
1130 1372 1148 1401 8

62 1412 164 1448 duces
188 1413 299 1455 regios
316 1426 420 1460 quum
437 1414 563 1460 peritos
586 1414 712 1450 militiae
730 1420 803 1449 tum
828 1418 967 1462 egentes
984 1416 1119 1452 eosdem

62 1467 163 1510 atquc
182 1463 322 1500 audaces
340 1465 520 1511 cupiebant
534 1480 542 1500 :
569 1465 629 1501 sed
645 1465 736 1511 quod
753 1466 918 1511 volebant,
935 1479 1003 1502 non
1020 1480 1119 1514 quam

61 1520 232 1551 maturato
252 1528 336 1562 opus
361 1519 443 1559 erat,
466 1517 597 1552 naviter
619 1517 853 1563 expediebant.
903 1519 1046 1554 Interim
1067 1519 1149 1565 ju-9

62 1579 163 1602 venes
196 1567 356 1603 militares
389 1571 423 1603 et
456 1567 588 1603 adsueti
620 1569 793 1612 militibus,
819 1582 909 1606 nunc
942 1570 1031 1616 apud
1063 1583 1119 1606 eos

62 1618 152 1664 ipsos
180 1631 271 1654 nunc
294 1619 384 1664 apud
407 1619 612 1666 transfugas,
637 1632 779 1666 quorum
804 1622 951 1657 maxima
977 1634 1054 1667 pars
1079 1634 1120 1657 ex

62 1669 236 1705 navalibus
268 1671 367 1706 sociis
400 1671 631 1706 Romanorum
664 1674 746 1715 erat,
774 1685 865 1708 nunc
897 1674 998 1709 etiam
1031 1673 1122 1718 apud

41 1721 184 1756 *infimae
216 1721 324 1767 plebis
356 1722 507 1757 homines
541 1723 680 1758 crimina
712 1724 870 1760 serebant
903 1725 938 1760 in
967 1728 1121 1759 senatum

64 1772 332 1820 optimatesque:
373 1773 409 1809 id
441 1773 550 1810 moliri
581 1773 667 1810 clam
699 1787 756 1811 eos
789 1779 891 1823 atque
917 1779 1058 1821 struere,
1084 1784 1122 1812 ut
