1298 1921
162 30 202 60 92
402 29 439 60 T.
464 28 584 59 LIVII
610 28 944 60 HISTORIARUM
1052 72 1087 103 [A
1111 72 1131 97 c
1153 73 1201 97 21⁷

160 102 392 147 Hispanorum
424 103 562 146 animos,
596 103 674 149 quia
705 103 821 149 procul
853 103 997 138 Romani
1031 104 1210 140 abessent:

159 165 248 188 nunc
265 153 312 188 cis
327 154 492 189 Hiberum
506 158 617 189 castra
629 155 782 189 Romana
795 167 867 189 esse
885 167 993 190 arcem
1011 157 1120 190 tutam
1138 169 1212 200 per-

160 204 356 250 fugiumque
383 217 486 239 novas
512 205 700 240 volentibus
729 218 805 240 res:
840 206 954 251 itaque
987 218 1069 251 quos
1102 210 1211 241 metus

107 260 226 289 1211011
244 258 367 297 teneat,
387 255 547 290 beneficio
571 259 604 290 et
628 256 737 301 gratia
758 256 991 291 devinciendos
1013 269 1095 291 esse.
1144 257 1212 292 Mi-

159 307 247 341 ranti
265 306 398 341 Bostari
416 307 726 352 percunctantique,
740 307 902 352 quodnam
922 307 955 342 id
973 307 1120 342 subitum
1138 310 1212 343 tan-

159 361 203 392 tae
217 358 264 392 rei
281 357 403 392 donum
418 361 532 402 posset
550 370 632 401 esse,
646 358 839 393 “Obsides’'
853 359 960 404 inquit
977 359 1040 393 “in
1058 359 1211 394 civitates

160 409 316 443 remitte:
344 408 379 443 id
404 412 438 443 et
465 409 620 454 privatim
643 409 848 454 parentibus,
869 422 1009 454 quorum
1031 410 1212 445 maximum

159 471 282 494 nomen
304 460 339 494 in
364 460 556 494 civitatibus
582 463 634 495 est
660 461 739 502 suis,
764 463 798 494 et
824 460 956 504 publice
980 461 1114 505 populis
1137 474 1212 505 gra-

160 513 233 545 tum
272 510 357 545 erit:
398 510 472 545 vult
506 510 569 545 sibi
610 511 751 556 quisque
791 511 880 546 credi
910 514 944 545 et
977 511 1092 546 habita
1130 512 1211 547 fides

160 562 268 606 ipsam
301 561 499 607 plerumque
532 561 659 606 obligat
692 562 810 596 fidem:
861 562 1083 597 ministerium
1115 564 1213 598 resti-

162 613 364 647 tuendorum
392 612 507 647 domos
534 613 700 647 obsidium
728 614 879 648 mihimet
901 613 1043 659 deposco
1070 614 1150 660 ipse,
1174 618 1212 649 ut

159 675 261 708 opera
279 675 410 709 quoquc
436 658 586 708 impensa
603 664 777 699 consilium
803 664 958 709 adjuvem
977 677 1085 699 meum
1108 669 1142 700 et
1164 666 1212 700 rei

160 717 279 760 suapte
301 718 422 749 natura
446 718 551 761 gratae
577 718 736 760 quantam
761 716 898 760 insuper
920 716 1062 760 gratiam
1088 717 1212 761 possim

105 770 144 799 13
161 766 347 810 adjiciamf’
397 765 537 801 Homini
555 779 621 801 non
643 766 684 801 ad
709 770 830 801 eaetera
846 767 975 801 Punica
997 767 1130 812 ingenia
1147 768 1213 803 eal-

157 816 224 851 lido
254 820 292 851 ut
319 817 499 862 persuasit,
528 823 626 852 nocte
655 817 739 852 clam
766 830 964 863 progressus
994 818 1034 852 ad
1064 819 1208 853 hostium

157 868 319 902 stationes
351 868 525 903 conventis
571 868 769 914 quibusdam
803 869 1016 904 auxiliaribus
1049 870 1211 915 Hispanis

157 923 192 954 et
221 920 262 954 ab
288 920 339 954 his
374 919 415 954 ad
444 920 630 965 Scipionem
661 920 855 965 perductus,
883 920 962 966 quid
988 920 1128 966 aderret,
1155 933 1212 955 ex-

157 971 303 1015 promit:
334 973 368 1005 et
382 970 445 1005 fide
463 975 599 1016 accepta
618 971 761 1016 dataque
780 985 816 1006 ac
830 972 902 1006 loco
921 976 954 1006 et
972 974 1121 1017 tempore
1136 985 1211 1006 con-

106 1027 145 1057 14
159 1022 280 1057 stituto
309 1021 351 1056 ad
377 1022 508 1057 obsides
534 1022 715 1057 tradendos
747 1023 933 1067 Saguntum
964 1023 1062 1057 redit.
1112 1023 1211 1057 Diem

157 1073 390 1118 insequentem
414 1073 600 1118 absumpsit
624 1086 699 1108 cum
723 1073 866 1108 Bostare
890 1073 1054 1108 mandatis
1078 1073 1119 1108 ad
1142 1087 1211 1108 reni

158 1123 321 1169 agendam
340 1124 561 1170 accipiendis:
590 1124 747 1159 dimissus
766 1138 868 1170 quum
892 1138 926 1159 sc
950 1130 1048 1159 noete
1071 1125 1210 1167 iturum,

157 1180 196 1210 ut
229 1175 398 1210 custodias
432 1176 580 1210 hostium
610 1176 749 1218 falleret,
779 1176 1019 1218 constituisset,
1051 1176 1092 1210 ad
1124 1189 1212 1211 eom-

158 1227 300 1272 positam
327 1239 402 1261 cum
428 1227 468 1261 iis
492 1227 606 1261 horam
634 1227 791 1262 excitatis
814 1227 1009 1262 custodibus
1032 1240 1212 1272 puerorum

159 1278 331 1322 profectus
365 1278 470 1312 veluti
508 1278 645 1322 ignarus
682 1278 717 1312 in
753 1282 955 1323 praeparatas
997 1290 1058 1312 sua
1093 1278 1212 1313 frande

107 1334 144 1363 15
160 1328 295 1363 insidias
329 1329 431 1364 ducit.
481 1329 524 1363 In
557 1333 667 1363 eastra
701 1330 853 1363 Romana
882 1329 1056 1374 perducti:
1091 1334 1213 1364 caetera

158 1380 268 1414 onmia
292 1379 333 1414 de
356 1379 534 1414 reddendis
558 1380 728 1415 obsidibus
755 1381 841 1414 sicut
869 1392 943 1414 eum
971 1380 1114 1415 Bostare
1137 1393 1212 1415 con-

159 1431 315 1465 stitutum
345 1434 417 1466 erat
445 1436 520 1466 acta
546 1444 608 1476 per
640 1431 782 1466 eundem
808 1431 956 1466 ordinem
985 1444 1050 1476 quo
1076 1431 1104 1466 si
1132 1432 1212 1466 Car-

108 1485 145 1514 16
160 1482 418 1527 thaginiensium
448 1483 581 1517 nomino
607 1483 654 1517 sic
684 1485 851 1527 ageretur.
901 1482 1012 1527 Major
1042 1482 1212 1528 aliquanto

160 1533 387 1567 Romanorum
405 1533 514 1578 gratia
537 1533 600 1567 fuit
628 1533 662 1567 in
678 1545 714 1567 re
732 1533 803 1578 pari
829 1545 927 1578 quam
952 1536 1077 1578 (planta
1098 1534 1213 1568 futura.

160 1584 487 1629 Carthaginiensium
518 1584 648 1619 fuerat:
683 1584 757 1618 illos
785 1584 872 1618 enim
903 1596 1021 1629 graves
1051 1585 1211 1630 superbos

158 1635 194 1669 111
229 1635 328 1670 rebus
363 1635 518 1670 secundis
558 1638 715 1678 expertos
748 1635 884 1669 fortuna
923 1638 956 1669 ct
992 1635 1090 1669 timor
1125 1635 1212 1670 miti-

158 1699 256 1732 gasse
279 1686 383 1721 videri
408 1690 562 1732 poterat:
591 1687 764 1721 Romanus
790 1687 897 1731 primo
924 1686 1069 1720 adventu
1099 1687 1211 1731 incog-

158 1738 251 1773 nitus
277 1740 355 1773 ante
380 1737 421 1773 ab
447 1750 482 1772 re
513 1738 669 1773 clementi
694 1737 888 1782 liberalique
917 1738 1049 1772 initium
1076 1737 1210 1772 fecerat.
