1298 1921
337 50 427 83 LIB.
451 51 577 83 XXIV.
602 51 738 83 37—39.
1002 51 1063 80 245

19 96 53 122 A.
67 96 96 120 c.
111 95 181 126 214.]

17 129 99 164 mihi
116 127 262 174 undique
285 127 428 163 clamore
450 125 582 161 sublato
604 123 738 159 turbam
754 123 903 159 invadite
928 134 966 158 ac
983 124 1069 158 ster-

16 180 87 215 nite
113 179 224 214 omnia
249 179 348 223 ferro,
375 181 409 213 et
438 180 553 213 cavete
579 176 757 235 quicquam
784 174 940 220 supersit,
970 176 1068 219 cujus

16 235 75 266 aut
101 232 150 266 vis
176 235 234 266 aut
258 231 350 266 fraus
367 229 479 265 timeri
502 229 618 275 possit.
668 228 750 269 Vos,
776 227 878 262 Ceres
902 229 1010 261 mater
1031 231 1102 261 ac9

15 283 226 328 Proserpina,
261 293 389 327 precor,
423 280 537 315 caeteri
568 278 681 325 superi
712 278 903 324 infernique
935 276 982 319 di,
1013 277 1072 322 qui

15 333 102 369 hanc
126 333 241 369 urbem
264 333 325 368 hos
350 337 498 367 sacratos
521 331 612 366 lacus
635 330 795 376 lucosque
818 329 938 372 colitis,
960 331 1001 363 ut
1023 329 1072 363 ita

15 385 111 420 nobis
126 385 275 420 volentes
288 383 491 430 propitiique
505 382 631 425 adsim,
642 382 669 416 si
687 380 833 417 vitandae
845 392 914 415 non
926 379 1070 415 serendae

15 435 141 471 fraudis
158 447 259 471 causa
274 435 338 470 hoc
355 434 484 470 consilii
509 434 670 479 capimus.
720 432 880 468 Pluribus
896 443 966 474 vos,
984 431 1069 465 mili·
1084 435 1123 465 10

15 490 78 529 tes,
103 487 264 529 hortarer,
293 487 322 521 si
350 497 427 521 cum
452 485 588 520 armatis
614 484 784 519 dimicatio
816 484 933 518 futura
959 486 1067 518 esset:

14 539 158 574 inermes
175 539 327 573 incautos
345 536 384 572 ad
403 537 593 571 satietatem
610 535 842 570 trucidabitis:
870 538 904 570 et
921 533 1068 570 consulis

14 594 126 625 castia
157 591 192 624 in
220 589 406 635 propinquo
434 591 524 630 sunt,
553 599 594 622 ne
626 586 707 633 quid
739 586 780 622 ab
813 585 1004 621 Himilcone
1030 588 1065 620 et

15 640 346 688 Carthaginiensibus
361 639 473 674 timeri
494 638 609 685 possit.
612 638 633 653 ’³
682 637 736 673 Ab
754 638 815 672 hac
832 637 1063 672 adhortatione
1078 631 1161 681 (39)

14 670 161 727 (111111εείὅ
166 703 305 737 corpora
329 693 458 726 curant.
508 690 650 724 Postero
674 688 727 724 die
751 688 807 723 alii
827 688 898 723 aliis
921 688 1002 723 locis
1023 687 1065 722 ad

14 743 197 778 obsidenda
220 743 342 777 itinera
370 740 641 787 claudendosque
669 740 815 786 oppositi
839 743 919 774 sunt
944 739 1068 781 exitus,

13 806 92 840 pars
109 794 255 829 maxima
271 805 373 838 super
396 793 567 828 theatrum
585 790 917 836 circaque—adsueti
939 793 973 826 et
991 794 1069 825 ante

13 845 205 892 spectaculo
219 844 665 881 concionum—consistunt.
696 842 890 878 Productus
904 842 946 877 ad
962 854 1069 887 popu·
1084 845 1104 874 2

12 897 83 933 lum
100 910 119 932 a
135 896 387 943 magistratibus
412 896 590 942 praefectus
608 895 782 930 Romanus
805 906 908 940 quum
925 893 1071 928 consulis

13 948 54 984 de
77 961 115 984 ea
131 961 167 984 re
186 952 243 993 J'us
266 960 304 983 ac
328 951 531 993 potestatem
554 959 627 982 esse
643 959 711 981 non
734 958 827 980 suam
852 948 886 980 et
911 945 1070 990 pleraque

12 1000 128 1035 eadem
155 1012 228 1046 quae
250 999 357 1046 pridie
382 999 534 1042 dixisset,
558 1001 592 1034 et
616 998 724 1044 primo
747 997 871 1032 sensim
895 1008 933 1032 ac
957 995 1070 1042 plures

12 1051 151 1087 reddere
176 1051 295 1095 claves,
316 1051 394 1086 dein
411 1054 483 1096 Jam
507 1063 575 1085 una
596 1060 677 1085 voce
701 1049 737 1084 id
762 1060 876 1084 omnes
899 1047 1068 1094 juberent,

13 1104 253 1149 cunctantique
286 1106 321 1137 et
350 1102 518 1137 differenti
549 1102 706 1137 ferociter
737 1100 975 1135 minitarentur
1006 1111 1069 1135 nec

12 1154 207 1189 viderentur
234 1154 324 1189 ultra
348 1154 417 1189 vim
437 1152 590 1188 ultimam
619 1152 764 1194 dilaturi,
792 1155 864 1186 tum
890 1151 1069 1197 praefectus

0 1207 93 1251 ltoga
119 1205 266 1249 signum,
295 1208 334 1240 ut
363 1208 575 1246 convenerat,
597 1204 700 1246 dedit,
731 1203 921 1248 militesque
946 1201 1070 1237 intenti

13 1256 141 1291 dudum
170 1269 208 1291 ac
233 1256 344 1301 parati
369 1256 426 1291 alii
453 1268 598 1301 superne
625 1256 662 1291 in
693 1267 844 1290 aversam
877 1253 1070 1289 concionem

13 1307 155 1342 clamore
169 1307 300 1343 sublato
318 1307 513 1351 decurrunt,
527 1307 583 1342 alii
599 1307 642 1342 ad
658 1307 769 1342 exitus
782 1305 910 1340 theatri
927 1305 1071 1341 conferti

13 1358 194 1394 obsistunt.
244 1358 430 1394 Caeduntur
451 1336 654 1394 Hennenses
680 1370 780 1393 cavea
796 1357 918 1392 inclusi
940 1369 1068 1392 coacer-
1083 1363 1103 1393 3

13 1413 203 1456 vanturque
222 1421 290 1445 11011
313 1410 403 1446 caede
426 1411 533 1446 solum
557 1410 616 1445 sed
640 1410 742 1445 etiam
768 1409 858 1454 fuga,
886 1421 989 1466 quum
1014 1408 1071 1443 3111

14 1473 115 1506 super
132 1461 273 1496 aliorum
295 1462 405 1507 capita
426 1464 573 1503 ruerent,
592 1461 732 1507 integris
758 1459 872 1502 saucii,
890 1459 959 1494 vivi
981 1471 1070 1495 mor-

13 1513 83 1547 tuis
100 1512 286 1547 incidentes
311 1512 572 1548 cumularentur.
620 1512 706 1547 Inde
722 1512 848 1557 passim
870 1510 1070 1546 discurritur
1084 1517 1106 1547 4

14 1566 50 1598 et
75 1563 168 1599 urbis
195 1567 302 1610 captae
326 1563 425 1599 modo
451 1564 599 1610 fugaque
632 1566 667 1599 et
695 1562 802 1598 caedes
828 1562 940 1598 omnia
963 1565 1068 1604 tenet,

14 1615 118 1650 m'hilo
150 1615 339 1650 remissiore
367 1615 513 1650 militurn
541 1616 600 1659 ira,
625 1614 715 1661 quod
742 1614 878 1649 turbam
908 1613 1070 1649 inermem

14 1666 198 1709 caedebant,
221 1679 320 1713 quam
347 1667 376 1702 si
401 1666 584 1712 periculum
611 1679 671 1713 par
695 1669 730 1702 et
756 1665 854 1701 ardor
878 1665 1069 1701 certaminis

15 1729 72 1753 eos
88 1717 248 1754 irritaret.
296 1718 354 1754 Ita
369 1718 494 1754 Henna
511 1720 569 1754 ant
593 1718 680 1754 malo
697 1720 756 1753 aut
780 1716 968 1753 necessario
989 1716 1069 1752 faci·-
1081 1721 1101 1752 5

16 1780 98 1805 nore
113 1772 256 1806 retenta.
