1298 1921
381 38 470 68 LIB.
493 39 592 71 XXI.
616 41 754 71 43-45.
1058 43 1099 73 45

37 87 69 112 A.
84 86 113 111 c.
126 83 197 118 218]

35 118 184 155 seendes.
233 116 462 154 Transcendes
477 120 589 151 autem
604 114 700 151 dico?
726 115 812 150 duos
829 115 982 151 consules
995 115 1097 161 hujus

35 170 123 212 anni,
141 182 245 204 unum
262 169 295 204 in
315 168 466 204 Africam
480 167 622 203 alterum
640 167 674 202 in
698 167 899 213 Hispaniam
923 167 1096 203 miserunt.

35 221 128 257 Nihil
151 233 292 267 usquam
315 220 411 256 nobis
433 219 588 255 relictum
613 222 665 254 est
689 218 756 254 nisi
783 217 872 264 quod
896 218 997 254 armis
1023 218 1095 253 vin·
1110 223 1129 253 6

35 272 231 309 dicaremus.
281 272 353 307 Illis
377 270 503 306 timidis
528 273 562 306 et
586 270 716 317 ignavis
746 282 821 305 esse
845 269 935 312 licet,
962 269 1017 316 qui
1043 282 1096 304 re-

35 329 186 371 spectum
214 322 348 365 habent,
381 322 469 369 quod
498 334 560 357 sua
587 325 678 357 terra
705 333 788 356 suus
820 333 900 367 ager
928 333 988 366 per
1016 323 1094 355 tuta

34 387 73 411 ac
105 378 223 421 pacata
253 375 375 410 itinera
405 374 574 420 fugientes
607 373 794 419 accipient:
825 371 919 407 vobis
953 384 1091 407 necesse

35 429 86 462 est
103 426 246 462 fortibus
264 426 343 461 viris
360 438 433 461 esse
456 429 489 460 et
513 424 667 460 omnibus
692 425 782 459 inter
805 423 979 459 victoriam
1003 435 1093 458 mor-

35 482 144 512 temve
169 481 261 513 certa
285 476 515 523 desperatione
540 475 691 521 abruptis
720 478 780 510 aut
806 475 939 510 vincere
963 481 1032 517 aut,
1064 477 1092 510 si

35 528 172 564 fortuna
193 528 370 571 dubitabit,
387 528 422 562 in
446 527 560 574 proelio
580 527 694 572 potius
720 538 820 572 quam
844 526 880 561 in
902 526 984 572 fuga
1006 538 1091 561 mor-

35 586 104 616 tcm
121 584 288 626 oppetere.
337 580 372 614 Si
388 580 451 614 hoc
467 579 551 614 bene
573 579 679 613 fixum
702 577 860 613 omnibus
883 577 1089 612 destinatum
1105 582 1122 615 7

34 632 70 667 in
87 631 196 666 animo
213 635 274 674 est,
287 631 408 666 iterum
427 630 543 671 dicam,
558 629 686 664 vicistis
700 644 707 664 ε
733 629 864 664 nullum
879 628 967 663 enim
984 628 1090 663 telum

36 682 78 718 ad
95 682 292 718 vincendum
316 682 442 717 homini
459 681 499 717 ab
517 681 567 716 dis
584 680 827 716 immortalibus
846 680 954 715 acrius
972 679 1089 715 datum

36 733 122 770 est.’'

82 785 130 820 Iis
153 784 441 820 adhortationibus
464 796 564 830 quum
588 783 758 829 utrimque
781 782 824 817 ad
848 786 1020 818 certamen
1035 794 1086 818 ac·
1105 780 1188 822 (45)

36 837 128 872 censi
159 837 302 872 militum
335 836 436 871 animi
468 837 590 879 essent,
623 834 768 870 Romani
800 838 903 880 ponte
934 834 1088 869 Ticinum

34 888 183 934 jungunt
215 887 416 933 tutandique
448 887 560 933 pontis
600 898 701 921 causa
735 885 912 921 castellum
951 887 1091 929 insuper

36 939 224 984 imponunt,
237 939 361 974 Poenus
378 938 532 973 hostibus
549 949 648 983 opere
665 937 840 982 occupatis
859 936 1091 971 Maharbalem

37 1002 115 1025 cum
143 989 195 1025 ala
220 989 454 1032 Numidarum,
485 988 653 1035 equitibus
683 988 890 1034 quingentis,
919 988 961 1022 ad
991 987 1093 1033 depo-

38 1041 201 1087 pulandos
224 1041 391 1076 sociorum
414 1040 530 1087 populi
553 1040 699 1075 Romani
722 1051 820 1086 agros
843 1039 961 1082 mittit,
989 1039 1092 1074 Gallis

38 1093 130 1138 parci
162 1105 261 1138 quam
294 1093 436 1128 maxime
465 1092 562 1138 jubet
595 1091 852 1137 principumque
885 1091 1012 1126 animos
1050 1090 1092 1125 ad

39 1144 259 1179 defectionem
280 1144 461 1179 sollicitari.
512 1144 620 1178 Ponte
643 1143 792 1188 perfecto
815 1142 992 1177 traductus
1022 1142 1092 1177 Ro·
1106 1147 1126 1177 2

0 1201 1 1240 ξ
38 1208 157 1230 manus
182 1196 353 1231 exercitus
377 1196 413 1230 in
437 1208 554 1241 agrum
579 1194 776 1229 Insubrium
810 1193 957 1240 quinque
989 1193 1094 1228 millia

0 1248 1 1284 3
38 1259 199 1293 passuum
223 1259 243 1282 a
268 1247 470 1282 Victumulis
498 1245 662 1281 consedit.
712 1245 766 1280 Ibi
789 1244 961 1280 Hannibal
983 1247 1094 1280 castra

0 1289 1 1300 ¹
39 1298 193 1339 habebat,
220 1302 442 1345 revocatoque
471 1309 613 1343 propere
645 1296 835 1332 Maharbali
868 1299 969 1343 atque
1002 1296 1093 1342 equi-

40 1349 143 1392 tibus,
168 1362 271 1396 quum
297 1351 423 1385 instare
446 1353 615 1385 certamen
641 1352 802 1392 cerneret,
825 1348 909 1383 nihil
935 1360 1092 1394 umquam

42 1402 124 1437 satis
151 1401 278 1437 dictum
310 1401 612 1448 praemonitunique
640 1400 682 1435 ad
714 1400 937 1436 cohortandos
970 1400 1095 1435 milites

41 1457 146 1497 ratus,
174 1456 299 1489 vocatis
325 1453 367 1488 ad
391 1465 583 1489 concionem
607 1455 700 1488 certa
727 1452 864 1498 praemia
886 1452 1092 1498 pronuntiat,

42 1504 78 1539 in
97 1516 238 1550 quorum
256 1517 349 1551 spem
366 1508 576 1551 pugnarent:
604 1516 722 1550 agrum
747 1516 820 1539 sese
837 1503 993 1538 daturum
1021 1516 1095 1538 esse

42 1555 78 1591 in
95 1555 204 1600 Italia,
221 1556 345 1598 Africa,
364 1556 538 1602 Hispania,
558 1555 616 1590 ubi
639 1555 779 1602 quisque
802 1555 893 1597 velit,
912 1555 1095 1590 immunem

42 1607 105 1654 ipsi
120 1608 176 1654 qui
190 1608 372 1654 accepisset
388 1608 584 1654 liberisque:
603 1607 660 1653 qui
676 1606 850 1653 pecuniam
865 1619 962 1652 quam
977 1619 1096 1653 agrum

42 1659 225 1701 maluisset,
253 1659 285 1695 ei
311 1672 346 1695 se
373 1662 512 1705 argento
540 1659 815 1694 satisfacturum:
843 1658 900 1704 qui
929 1658 1097 1693 sociorum

43 1710 132 1746 cives
166 1711 462 1758 Carthaginienses
494 1710 566 1745 fieri
593 1709 728 1754 vellent,
757 1712 961 1756 potestatem
988 1709 1098 1745 factu-

45 1774 140 1798 rum:
166 1762 224 1809 qui
240 1762 356 1799 domos
373 1762 481 1798 redire
497 1761 644 1806 mallent,
662 1761 819 1797 daturum
844 1774 879 1797 se
903 1773 1039 1808 operam
1056 1773 1098 1796 ne
