1298 1921
0 0 942 26 ῤ-ἠ

419 48 511 80 LIB.
537 48 632 80 XXI.
657 50 709 84 25,
727 49 777 80 26.
1087 45 1127 76 25

73 90 228 121 mcum

72 123 231 159 cecidisse
248 122 329 157 satis
347 122 533 158 constabat.
583 123 655 157 Iter
677 122 798 158 deinde
821 125 862 156 de
884 122 1017 167 integro
1040 123 1157 165 coep-S)

71 179 155 215 tum,
187 185 258 216 nec,
288 173 368 208 dum
399 185 459 219 per
492 173 643 219 patentia
674 173 748 209 loca
779 172 965 208 ducebatur
997 183 1127 217 agmen,

71 225 257 270 comparuit
282 224 412 259 hostis:
441 224 497 260 ubi
524 237 641 260 rursus
668 225 760 260 silvae
784 225 928 265 intratae,
954 225 1028 258 tum
1052 234 1128 268 pos-

71 279 195 311 tremos
220 275 329 310 adorti
352 287 428 310 cum
452 288 574 322 magna
597 275 823 320 trepidatione
848 286 886 310 ac
910 285 1033 320 pavore
1057 285 1128 308 om-

72 327 163 362 nium
176 327 408 372 septingentos
421 326 543 362 milites
557 327 761 368 occiderunt,
777 339 836 362 sex
853 326 949 372 signa
963 324 1126 360 ademere.

72 378 162 414 Finis
188 381 221 413 et
246 377 349 413 Gallis
372 378 549 413 territandi
572 382 606 413 et
630 378 775 424 pavendi
798 378 865 412 fuit
890 376 1061 417 Romanis,
1087 378 1126 410 ut
1141 381 1177 410 10

71 441 89 464 e
106 429 194 464 saltu
210 429 300 463 invio
317 432 419 475 atque
442 429 602 475 impedito
619 442 754 464 evasere
769 445 776 463 :
803 428 880 463 inde
901 427 1024 473 apertis
1045 426 1125 462 locis

71 480 165 516 facile
182 482 334 515 tutantes
351 493 472 526 agmen
489 481 633 515 Romani
654 481 844 515 Tannetum
861 479 973 514 vicum
990 477 1125 523 propin-

71 544 172 578 quum
197 531 290 566 Pado
315 531 536 567 contendere:
563 531 608 567 ibi
633 544 668 566 se
694 531 900 566 munimento
923 529 965 565 ad
987 533 1121 574 tempus

70 582 376 628 commeatibusque
398 583 543 617 fluminis
569 586 602 618 et
625 583 861 618 Brixianorum
885 581 986 617 etiam
1012 580 1123 615 Gallo-

70 646 143 668 rum
167 633 290 668 auxilio
313 633 470 669 adversus
493 637 697 669 crescentem
720 634 756 668 in
778 634 847 668 dies
869 631 1118 668 multitudinem

69 685 217 720 hostium
245 685 455 720 tutabantur.
506 686 571 727 Qui
598 686 767 720 tumultus
795 697 915 731 repens
939 687 1117 730 postquam
1131 680 1215 722 (26)

70 740 121 771 est
138 737 280 772 Romam
297 738 457 782 perlatus,
470 739 505 772 et
522 737 687 772 Punicum
700 737 836 782 insuper
854 736 980 771 Gallico
996 735 1120 770 bellum

70 791 206 823 auctum
234 791 346 834 patres
376 791 585 834 acceperunt,
617 788 654 823 O.
674 788 815 823 Atilium
844 790 1021 834 praetorem
1045 799 1122 822 cum

69 852 136 874 una
157 839 286 886 legione
311 840 464 874 Romana
483 844 517 875 et
543 840 690 886 quinque
713 840 858 874 millibus
883 839 1049 874 sociorum
1075 838 1124 873 di-

68 891 160 926 lectu
175 903 260 925 novo
277 903 297 925 a
317 891 453 926 consule
477 891 675 934 conscriptis
699 891 859 926 auxilium
882 890 970 925 ferre
994 889 1123 924 Manlio

65 941 197 987 jubent,
232 942 290 988 qui
322 942 393 977 sine
433 942 501 977 ullo
541 942 1003 977 certamine—abscesserant
1036 941 1125 976 enim

69 998 164 1029 metu
180 994 529 1029 hostes—Tannetum
549 994 714 1039 pervenit.

118 1045 161 1080 Et
179 1045 217 1080 P.
237 1045 412 1080 Cornelius
435 1045 470 1080 in
492 1045 602 1080 locum
627 1045 709 1091 ejus,
729 1057 802 1091 quae
825 1044 928 1079 missa
948 1056 1025 1079 cum
1041 1048 1155 1089 prae-2

70 1097 143 1131 tore
167 1099 249 1137 erat,
277 1096 480 1141 transcripta
505 1096 637 1142 legione
661 1108 748 1131 nova
771 1096 942 1142 profectus
973 1095 1013 1130 ab
1042 1095 1126 1130 urbe

70 1147 248 1194 sexaginta
275 1147 383 1193 longis
412 1147 553 1183 navibus
583 1151 706 1193 praeter
730 1159 821 1182 oram
846 1147 992 1182 Etruriae
1018 1146 1126 1191 Ligu-

67 1210 210 1244 rumque
234 1201 268 1233 et
293 1198 370 1233 inde
396 1199 568 1234 Saluvium
596 1202 727 1233 montes
756 1199 909 1244 pervenit
938 1198 1125 1233 Massiliam

69 1252 104 1284 et
132 1249 174 1284 ad
202 1249 392 1295 proximum
421 1250 545 1285 ostium
576 1250 933 1295 Rhodani—pluribus
961 1250 1051 1285 enim
1076 1249 1125 1285 di-

69 1300 160 1336 visus
193 1301 299 1336 amnis
332 1302 367 1336 in
399 1313 489 1336 mare
519 1301 825 1336 decurrit—castra
856 1301 955 1343 locat,
986 1301 1124 1336 vixdum

69 1351 151 1387 satis
168 1351 305 1387 credens
331 1352 556 1387 Hannibalem
581 1365 757 1397 superasse
779 1353 958 1398 Pyrenaeos
981 1355 1123 1387 montes.

70 1403 182 1441 Quem
205 1406 244 1438 ut
267 1403 308 1438 de
330 1403 487 1438 Rhodani
511 1416 644 1450 quoque
667 1403 816 1438 transitu
833 1405 960 1449 agitare
978 1403 1153 1441 animad-3

69 1454 181 1497 vertit,
213 1455 362 1490 incertus
395 1467 539 1501 quonam
573 1455 603 1490 ei
634 1454 708 1490 loco
744 1458 944 1497 occurreret,
980 1454 1124 1490 necdum

69 1505 150 1540 satis
168 1505 303 1541 refectis
322 1505 362 1541 ab
376 1506 560 1552 jactatione
577 1506 745 1540 maritima
760 1506 933 1547 militibus,
952 1509 1123 1541 trecentos

67 1556 202 1591 interim
240 1556 386 1592 delectos
425 1557 556 1603 equites
596 1556 737 1592 ducibus
779 1557 1048 1592 Massiliensibus
1088 1562 1122 1593 et

67 1608 285 1644 auxiliaribus
304 1609 407 1644 Gallis
425 1611 466 1644 ad
484 1608 686 1655 exploranda
703 1609 812 1644 omnia
836 1609 1058 1655 visendosque
1081 1622 1120 1645 ex

66 1662 143 1694 tuto
175 1659 289 1695 hostes
328 1661 513 1706 praemittit.
564 1659 736 1695 Hannibal
768 1661 898 1695 caeteris
930 1664 1023 1695 metu
1063 1664 1152 1696 antd-

66 1710 175 1755 pretio
192 1711 318 1756 pacatis
330 1714 401 1756 jam
418 1712 453 1746 in
474 1711 651 1746 Volcarum
663 1715 862 1756 pervenerat
875 1723 992 1757 agrum
1008 1713 1121 1757 gentis

66 1761 203 1797 validae:
229 1762 344 1798 colunt
369 1766 481 1798 autem
506 1763 595 1798 circa
618 1766 796 1808 utramque
822 1762 927 1808 ripam
952 1762 1120 1806 Rhodani,
