1298 1921
435 44 521 75 LlB.
547 44 673 74 XXIV.
699 43 832 73 42—44.
1080 43 1140 72 251

96 88 173 156 {lini}
187 86 335 156 {lingulis
350 119 438 155 filius
455 122 490 154 et
506 118 579 154 Tib.
594 117 808 164 Sempronius
823 116 994 152 Gracchus
1010 116 1143 151 iterum.

98 173 265 208 Praetores
292 171 378 206 flunt
402 170 452 205 M.
476 169 600 205 Atilius
625 172 669 210 et,
695 169 752 213 qui
776 172 849 202 tum
874 167 985 203 aediles
1011 167 1143 202 curules
1158 168 1177 202 7

97 226 204 265 erant,
229 223 269 258 P.
293 223 508 267 Sempronius
533 220 720 256 Tuditanus
748 223 782 255 et
808 219 869 254 Cn.
895 219 1033 254 Fulvius
1059 218 1143 253 Cen-

94 274 240 310 tumalus
263 275 298 309 et
321 273 372 308 M.
391 273 546 308 AEmilius
570 271 730 317 Lepidus.
779 270 894 306 Ludos
917 270 1066 305 scenicos
1084 282 1143 315 per
1158 274 1176 302 8

95 325 318 371 quadriduum
340 336 378 359 eo
401 337 487 359 anno
509 324 653 370 primum
678 323 784 358 factos
810 321 850 357 ab
875 321 1047 357 curulibus
1065 321 1143 355 aedi-

94 377 182 412 libus
215 376 381 411 memoriae
406 375 568 421 proditur.
617 374 737 410 AEdilis
762 373 949 408 Tuditanus
982 373 1037 408 hic
1070 375 1176 407 erat9

96 428 153 474 qui
178 427 220 462 ad
245 427 376 462 Cannas
401 438 523 473 pavore
547 426 619 461 aliis
643 426 678 460 in
697 428 792 460 tanta
813 424 906 459 clade
928 423 1142 469 torpentibus

94 491 154 525 per
169 478 295 513 medios
313 478 426 513 hostes
443 478 558 513 evasit.
603 477 652 512 Iis
670 476 812 511 comitiis
830 475 988 521 perfectis
1006 478 1142 509 auctore
1159 477 1197 506 10

96 531 134 572 Q.
160 530 262 565 Fabio
287 529 422 564 consule
447 528 611 574 designati
640 527 793 562 consules
818 527 959 562 Romam
988 526 1142 561 accersiti

94 581 327 627 magistratum
352 581 508 622 inierunt,
533 582 754 624 senatumque
776 578 816 613 de
839 578 925 613 bello
948 589 986 612 ac
1008 578 1142 623 provin-

95 633 154 668 ciis
172 634 242 667 suis
259 635 506 677 praetorumque
529 634 562 665 et
580 630 621 665 de
643 629 856 671 exercitibus,
875 629 996 675 quibus
1019 629 1141 675 quique

94 686 287 728 praeessent,
312 682 561 717 consuluerunt.
610 681 731 727 Itaque
756 681 933 725 provinciae
958 683 1059 725 atque
1084 692 1141 714 ex·
1153 677 1242 724 (44).

94 735 218 770 ercitus
240 734 355 769 divisi:
382 733 503 769 bellum
527 745 601 768 cum
620 731 810 767 Hannibale
834 731 1026 767 consulibus
1050 744 1142 766 man-

95 785 209 820 datum
242 789 276 821 et
309 786 517 821 exercituum
550 797 649 825 unus,
683 796 781 829 quem
819 784 890 829 ipse
924 783 1142 828 Sempronius

94 837 265 878 habuerat,
285 836 379 878 alter,
399 849 497 882 quem
513 836 637 870 Fabius
655 834 771 870 consul
787 847 794 869 z
819 847 866 870 eae
883 834 968 869 binae
986 839 1082 869 erant
1099 834 1143 869 le-

94 889 210 934 giones
227 901 234 923 ;
260 888 309 923 M.
327 887 484 923 AEmilius
505 891 638 933 praetor,
657 889 754 932 cujus
777 886 952 932 peregrina
969 898 1040 920 sors
1057 890 1141 926 erat,

91 939 323 985 jurisdictione
341 939 390 974 M.
410 938 514 973 Atilio
531 938 665 983 collegae
689 937 824 982 praetori
841 937 968 972 urbano
984 936 1142 971 mandata

94 991 270 1026 Luceriam
288 990 493 1036 provinciam
510 989 647 1024 haberet
669 988 883 1035 legionesque
909 988 1001 1029 duas,
1021 987 1142 1034 quibus

96 1043 139 1081 Q.
158 1042 290 1084 Fabius,
310 1043 366 1087 qui
390 1045 463 1076 tum
486 1040 602 1076 consul
626 1045 707 1082 erat,
726 1043 850 1085 praetor
875 1039 1075 1085 praefuerat:
1102 1039 1141 1074 P.

96 1094 291 1138 Sempmnio
319 1093 490 1138 provincia
518 1091 715 1134 Ariminum,
745 1091 806 1126 Cn.
833 1091 951 1125 Fulvio
983 1090 1142 1125 Suessula

95 1157 168 1180 cum
188 1145 275 1179 binis
293 1145 373 1179 item
395 1143 581 1189 legionibus
606 1146 798 1183 evenerunt,
817 1145 856 1177 ut
881 1141 1021 1176 Fulvius
1044 1141 1142 1176 urba-

94 1208 154 1231 nas
178 1196 324 1242 legiones
347 1195 494 1238 duceret,
511 1194 698 1229 Tuditanus
721 1206 740 1228 a
764 1194 825 1228 M’.
847 1194 1033 1238 Pomponio
1058 1193 1143 1228 acci-

94 1250 198 1292 peret.
246 1247 432 1292 Prorogata
462 1246 602 1291 imperia
632 1245 885 1291 provinciaeque,
921 1245 970 1279 M.
1001 1244 1142 1279 Claudio
1157 1249 1178 1277 2

96 1298 207 1334 Sicilia
222 1298 343 1333 finibus
360 1299 407 1333 eis
425 1297 545 1343 quibus
567 1309 708 1343 regumn
725 1296 885 1331 Hieronis
903 1295 1033 1337 fuisset,
1053 1296 1143 1330 Len-

94 1349 166 1385 tulo
195 1352 392 1395 propraetori
424 1348 595 1394 provincia
626 1351 734 1389 vetus,
762 1347 799 1381 T.
828 1347 972 1382 Otacilio
1004 1347 1140 1382 classis:

94 1401 261 1436 exercitus
283 1400 365 1435 nulli
390 1400 495 1435 additi
518 1399 616 1434 novi:
642 1399 693 1434 M.
717 1398 852 1433 Valerio
876 1398 1004 1433 Graecia
1028 1398 1143 1433 Mace-

95 1453 259 1499 doniaque
275 1465 350 1488 cum
367 1453 498 1499 legione
514 1457 548 1487 et
569 1452 673 1487 classe
691 1463 791 1496 qnam
807 1450 956 1492 haberet,
974 1451 1008 1488 Q
1025 1450 1143 1485 Mucio

94 1517 169 1539 cum
187 1508 300 1540 vetere
322 1503 594 1539 exercitu—duee
619 1506 731 1537 autem
752 1501 900 1547 legiones
921 1502 1142 1536 erant—Sar-

94 1556 193 1597 dinia,
225 1555 262 1590 C.
283 1555 439 1590 Terentio
462 1567 537 1590 cum
561 1554 692 1600 legione
716 1565 792 1594 una,
819 1553 872 1588 cui
892 1555 963 1598 jam
987 1557 1142 1598 praeerat,

94 1607 264 1642 Picenum.
315 1606 422 1641 Scribi
438 1611 559 1652 praeter
576 1618 615 1640 ea
631 1604 705 1640 duae
725 1604 858 1639 urbanae
875 1604 1023 1650 legiones
1037 1604 1140 1649 jussae

94 1663 128 1694 et
161 1658 283 1704 viginti
314 1657 417 1693 millia
448 1657 623 1692 sociorum.
672 1656 738 1691 His
777 1655 918 1691 ducibus
950 1655 1002 1690 his
1035 1655 1176 1700 copiis3

95 1709 253 1744 adversus
286 1708 392 1743 multa
423 1708 523 1743 simul
555 1711 613 1743 aut
645 1710 736 1742 mota
773 1712 832 1742 aut
866 1711 1024 1752 suspecta
1054 1706 1143 1744 bella.

94 1761 309 1796 muniverunt
326 1760 516 1796 Romanum
532 1758 722 1804 imperium.
