1298 1921
408 24 499 56 LIB.
524 26 620 59 XXI.
644 30 780 62 49—51.
1075 38 1113 68 51

53 60 315 137 ΐάςέιξιέὲῢεῑω
338 103 512 143 ceperunt.
562 101 658 138 Mille
676 106 710 139 et
735 106 943 152 septingenti
967 108 1062 145 fuere
1080 111 1147 148 in4·

51 144 193 180 navibus
227 148 334 192 captis
367 150 490 186 milites
523 157 710 200 nautaeque,
737 156 772 191 in
804 157 856 192 his
890 162 958 194 tros
984 161 1110 198 nobiles

52 194 392 243 Carthaginiensium.
444 202 568 239 Classis
588 205 740 242 Romana
757 208 942 253 incolumis,
956 224 1023 247 una
1036 216 1110 248 tan-
1123 220 1142 249 5

49 248 121 281 tum
146 249 316 292 perforata
337 253 415 287 navi
437 254 496 289 sed
521 268 560 290 ea
585 269 716 304 quoque
733 258 807 305 ipsa
830 262 962 305 reduce,
981 264 1016 298 in
1032 277 1109 311 por-

47 300 119 332 tum
138 299 249 335 rediit.

95 349 288 387 Secundum
314 353 401 390 hanc
430 361 778 402 pugnam—nondum
808 365 922 409 guaris
948 367 1019 412 ejus
1049 371 1104 415 qui
1120 369 1156 406 6*

45 399 216 437 Messanae
257 407 473 443 erant—Tib.
494 409 711 456 Sempronius
751 416 868 450 consul
909 417 1104 456 Messanam

43 451 148 486 venit.
199 454 241 489 Ei
258 455 384 492 fretum
407 459 552 495 intranti
570 474 629 497 rex
652 463 760 499 Hiero
778 466 916 502 classem
941 475 1099 507 armatam
1117 479 1135 511 7

42 508 263 552 ornatamque
286 508 419 545 obviam
442 511 551 556 duxit,
569 516 867 564 transgressusque
891 532 932 555 ex
954 523 1048 563 regia
1064 525 1101 559 in

41 557 234 598 praetoriam
252 571 371 595 navem
395 563 587 607 gratulatus
611 568 770 612 sospitem
795 582 872 605 cum
896 574 1048 610 exercitu
1065 579 1099 611 et

39 606 180 642 navibus
199 609 382 653 advenisse,
403 618 629 662 precatusque
646 630 843 665 prosperum
861 635 898 658 ac
915 624 1044 661 felicem
1064 627 1098 662 in

41 656 185 693 Siciliam
214 663 417 698 transitum:
455 668 583 701 statum
609 668 727 705 deinde
752 672 870 709 insulae
896 678 930 709 et
955 676 1098 712 Cartha-

37 708 238 753 giniensium
268 719 389 749 conata
418 718 576 761 exposuit
604 720 840 769 pollicitusque
870 729 932 768 est,
961 731 1000 763 ut
1030 742 1096 775 quo

37 760 146 795 auimo
174 763 283 807 priore
315 765 399 801 bello
427 769 591 813 populum
621 772 812 810 Romanum
836 779 972 822 juvenis
1002 780 1096 827 adju-

36 810 151 854 visset,
171 826 210 848 eo
228 827 343 852 senem
366 818 571 864 adjuturum,
591 823 801 861 frumentum
825 830 1093 879 vestimentaque

32 874 107 897 sese
124 863 314 910 legionibus
339 871 485 906 consulis
503 874 667 920 sociisque
684 878 858 914 navalibus
881 883 987 926 gratis
1008 896 1093 929 prae-

33 912 202 951 biturum:
229 919 357 963 grande
374 923 559 966 periculum
585 925 734 972 Lilybaeo
752 931 994 979 maritimisque
1012 936 1091 971 civi-

31 965 160 1001 tatibus
190 980 263 1004 esse
293 975 327 1005 et
357 973 556 1018 quibusdam
581 979 774 1016 volentibus
799 995 902 1019 novas
928 998 981 1020 res
1006 987 1088 1023 fore.

31 1016 84 1051 Ob
103 1017 172 1053 haec
190 1022 318 1056 consuli
331 1024 416 1059 nihil
429 1028 657 1064 cunctandum
670 1031 789 1074 visum,
806 1035 887 1079 quin
901 1036 1087 1082 Lilybaeum
1102 1049 1120 1078 8

31 1067 137 1104 classe
166 1076 316 1116 peteret:
356 1081 389 1110 et
419 1089 481 1111 rex
505 1080 663 1127 regiaque
693 1083 808 1120 classis
834 1099 901 1121 una
929 1090 1084 1134 profecti.

29 1118 238 1167 Navigantes
263 1125 342 1160 inde
368 1132 557 1174 pugnatum
585 1132 626 1167 ad
650 1133 837 1181 Lilybaeum
868 1138 1026 1186 fusasque
1051 1146 1117 1178 et9

27 1175 142 1215 captas
175 1173 325 1211 hostium
357 1190 459 1214 naves
493 1183 653 1228 accipere.
717 1188 750 1221 A
782 1188 932 1235 Lilybaeo
966 1194 1084 1229 consul
1100 1193 1176 1234 (51)

26 1221 179 1259 Hierone
197 1238 270 1261 cum
291 1228 395 1264 classe
413 1232 505 1278 regia
523 1233 659 1270 dimisso
676 1238 861 1285 relictoque
880 1246 1024 1287 praetore
1042 1245 1083 1280 ad

24 1274 186 1311 tuendam
212 1278 331 1315 Siciliae
354 1293 446 1317 oram
469 1284 593 1329 ipsein
614 1287 758 1324 insulam
782 1291 947 1336 Melitam,
967 1308 1040 1341 quae
1063 1309 1083 1332 a

25 1324 361 1373 Carthaginiensibus
385 1335 575 1379 tenebatur,
595 1341 751 1384 trajecit:
788 1343 980 1381 advenienti
1005 1348 1079 1382 Ha-

22 1377 137 1412 milcar
149 1379 303 1426 Gisgonis
318 1383 404 1419 filius
418 1387 597 1430 praefectus
612 1392 757 1435 praesidii
770 1406 845 1429 cum
860 1397 959 1440 paulo
971 1399 1079 1435 minus

23 1426 153 1464 duobus
171 1431 316 1468 millibus
337 1435 482 1472 militum
500 1441 725 1488 oppidumque
743 1456 817 1479 cum
841 1447 952 1482 insula
976 1450 1080 1485 tradi-

19 1481 87 1514 tur.
131 1480 218 1517 Inde
235 1488 313 1528 post
331 1498 455 1531 paucos
473 1489 543 1525 dies
561 1492 706 1528 reditum
723 1495 922 1543 Lilybaeum,
938 1501 1076 1546 captivi·
1091 1515 1109 1543 2

19 1542 85 1575 que
101 1535 135 1566 et
153 1544 173 1566 a
189 1536 325 1571 consule
343 1541 377 1572 et
394 1551 414 1573 a
431 1545 573 1585 praetore
591 1550 713 1589 praeter
730 1547 881 1591 insignes
899 1551 1075 1589 nobilitate

17 1581 105 1616 viros
125 1583 187 1619 sub
205 1597 329 1623 corona
345 1591 533 1628 venierunt.
562 1595 744 1643 Postquam
764 1599 804 1634 ab
823 1613 863 1636 ea
879 1606 974 1647 parte
992 1606 1073 1641 satis
1087 1615 1105 1643 3

17 1634 125 1668 tutam
157 1636 301 1673 Siciliam
332 1642 491 1678 censebat
525 1647 651 1690 consul,
682 1649 724 1683 ad
755 1650 882 1687 insulas
917 1654 1071 1699 Vulcani,

17 1685 94 1729 quia
110 1685 199 1722 fama
221 1695 293 1724 erat
317 1695 406 1728 stare
430 1694 477 1729 ibi
493 1696 657 1734 Punicam
680 1701 830 1745 classem,
850 1705 992 1750 trajecit,
1011 1721 1072 1744 nec

19 1735 191 1783 quisquam
208 1739 357 1778 hostium
373 1745 461 1781 circa
477 1759 532 1783 eas
549 1749 677 1787 insulas
694 1752 873 1793 inventus:
894 1761 967 1803 jam
983 1759 1071 1796 forte
