1298 1921
395 28 484 60 LIB.
509 28 635 58 XXIV.
652 30 789 59 tio—42.
1052 26 1114 57 249

61 69 254 150 Jidtfmiibiis
278 102 413 160 campiS,
435 102 470 137 ni
492 102 693 138 tumulum
684 115 719 138 in
742 101 934 148 propinquo
957 99 1113 146 cepisset.

61 155 115 190 Ibi
132 166 263 201 quoque
285 154 524 189 circumsessus
545 153 692 189 adventu
713 153 827 188 fratris
850 152 1022 188 obsidione
1045 151 1114 186 exi-

60 207 174 241 mitur.
223 204 361 240 Castulo
393 204 474 240 urbs
506 205 680 251 Hispaniae
712 204 822 239 valida
850 216 888 239 ac
920 202 1050 245 nobilis,
1079 204 1146 237 eto

61 257 143 292 adeo
161 257 340 302 conjuncta
362 256 522 292 societate
539 256 651 292 Poenis
672 259 711 291 ut
727 268 813 291 uxor
835 255 913 290 inde
929 253 1112 290 Hannibali

61 311 159 350 esset,
184 308 226 343 ad
250 308 420 343 Romanos
443 307 575 343 defecit.
626 307 920 353 Carthaginienses
940 305 1111 349 Iliturgim
1126 307 1144 339 7

61 372 257 405 oppugnare
281 359 401 402 adorti,
429 359 506 405 quia
530 359 720 405 praesidium
745 358 792 394 ibi
814 358 1004 393 Romanum
1030 360 1112 400 erat,

60 411 325 457 videbanturque
347 411 460 456 inopia
476 411 618 446 maxime
641 423 718 445 eum
739 410 850 445 locum
873 408 1110 455 expugnaturi.

62 462 123 498 Cn.
155 463 275 508 Scipio,
310 468 348 497 ut
381 462 478 497 sociis
507 461 729 507 praesidioque
761 461 865 496 ferret
897 472 1007 505 opem,
1036 464 1144 494 cum⁹

61 513 191 560 legione
209 513 366 559 expedita
381 513 551 559 profectus
569 513 657 548 inter
678 513 757 548 bina
772 516 883 548 castra
899 524 972 547 cum
992 523 1114 556 magna

61 565 150 601 caede
167 565 314 600 hostium
337 565 453 600 urbem
470 568 522 600 est
544 565 715 609 ingressus
738 567 773 599 et
789 569 927 609 postero
945 562 997 598 die
1014 573 1111 609 erup-

61 617 153 652 tione
185 629 277 663 aeque
309 616 398 652 felici
429 616 602 662 pugnavit.
659 616 770 661 Supra
802 615 977 650 duodecim
1008 614 1144 650 millias

61 668 232 703 hominum
265 680 349 703 caesa
380 667 510 703 duobus
543 668 678 712 proeliis,
712 667 787 712 plus
819 667 908 702 mille
940 666 1109 701 hominum

60 722 195 765 captum
227 732 300 754 cum
335 731 394 754 sex
426 723 459 754 et
491 719 633 765 triginta
660 718 859 753 militaribus
889 718 1004 764 signis.
1053 717 1165 752 Italo

60 770 102 806 ab
119 771 256 817 Iliturgi
275 783 442 806 recessum
465 773 526 806 est.
577 770 718 817 Bigerra
739 769 816 804 inde
838 769 1056 805 urbs—socia
1075 773 1110 804 et
1129 773 1163 801 ll

60 822 131 857 haec
154 822 382 857 Romanorum
404 827 543 857 erat—a
565 821 898 867 Carthaginiensibus
923 820 1110 866 oppugnari

59 877 170 919 coepta
190 876 252 908 est.
301 875 384 908 Eam
406 873 609 909 obsidionem
633 874 704 908 sine
728 872 907 908 certamine
929 871 1107 907 adveniens
1125 875 1162 904 12

59 925 120 960 Cn
141 925 251 971 Scipio
275 926 384 960 solvit.
433 924 487 960 Ad
512 925 675 960 Mundam
699 924 817 959 exinde
842 926 952 959 castra
980 917 1203 964 Punica(4'2]

59 980 150 1011 mota
166 980 200 1011 et
217 977 361 1012 Romani
378 989 416 1012 00
434 977 609 1012 confestim
628 976 763 1021 sequuti
784 978 875 1010 sunt.
925 975 980 1010 Ibi
1002 975 1106 1021 signis
1122 980 1140 1008 2

59 1028 187 1063 collatis
203 1032 388 1074 pugnatum
407 1041 465 1074 per
482 1031 644 1074 quattuor
660 1027 763 1062 ferme
780 1027 890 1067 horas,
908 1026 1109 1072 egregieque

58 1079 268 1114 vincentibus
293 1079 454 1114 Romanis
477 1079 611 1125 signum
628 1078 779 1124 receptui
801 1081 853 1113 est
876 1077 1002 1120 datum,
1019 1077 1111 1123 quod

59 1130 119 1166 Cn.
148 1131 312 1176 Scipionis
343 1131 450 1166 femur
477 1130 611 1176 tragula
640 1130 806 1166 confixum
831 1132 913 1172 erat,
941 1141 1110 1175 pavorque

58 1183 146 1218 circa
167 1195 243 1217 eum
266 1185 400 1227 ceperat
425 1182 546 1217 milites
569 1193 610 1217 ne
633 1182 841 1216 mortiferum
865 1184 954 1216 esset
976 1180 1108 1216 vulnus.

59 1235 223 1269 Caeterum
246 1233 337 1268 haud
361 1233 500 1269 dubium
527 1233 591 1268 fuit
618 1233 710 1279 quin,
735 1233 799 1268 nisi
825 1245 865 1267 ea
890 1245 982 1267 mora
1005 1232 1108 1267 inter-
1123 1235 1142 1266 3

57 1287 214 1327 venisset,
234 1289 342 1320 castra
360 1297 399 1320 eo
417 1285 470 1320 die
487 1285 615 1320 Punica
636 1285 710 1330 capi
732 1284 924 1330 potuerint:
946 1286 1018 1328 jam
1041 1296 1109 1318 non

58 1337 180 1372 milites
198 1337 305 1372 solum
323 1336 382 1372 sed
399 1336 567 1382 elephanti
584 1336 682 1371 etiam
706 1347 813 1381 usque
836 1335 878 1369 ad
895 1335 1018 1370 vallum
1041 1336 1109 1370 acti

58 1392 164 1430 erant,
184 1400 350 1434 superque
367 1388 476 1433 ipsum
494 1400 613 1422 novem
630 1391 663 1422 et
680 1387 822 1433 triginta
842 1386 1010 1431 elephanti
1031 1386 1107 1432 pilis

58 1440 189 1475 confixi.
238 1440 315 1474 Hoc
338 1451 470 1485 quoque
492 1439 607 1484 proelio
628 1438 668 1473 ad
692 1438 865 1473 duodecim
884 1438 985 1472 millia
1002 1438 1107 1473 homi·
1123 1438 1143 1473 4

57 1504 138 1526 num
161 1491 319 1526 dicuntur
341 1502 434 1533 caesa,
457 1502 560 1536 prope
584 1490 650 1525 tria
674 1493 772 1536 capta
793 1502 868 1524 cum
892 1489 996 1534 signis
1021 1489 1106 1525 mih·-

57 1542 186 1578 taribus
212 1545 341 1588 septem
366 1545 400 1577 et
429 1542 682 1588 quinquaginta.
731 1541 782 1576 Ad
814 1541 1000 1587 Auringem
1028 1541 1106 1576 inde
1122 1543 1140 1578 5

57 1593 174 1629 urbem
191 1594 286 1629 Poeni
302 1606 477 1635 recessere,
495 1596 539 1635 et,
558 1597 596 1628 ut
614 1593 740 1628 territis
762 1593 915 1633 instaret,
940 1595 1107 1638 sequutus

57 1646 241 1681 Romanus.
291 1645 344 1680 Ibi
362 1645 482 1680 iterum
501 1645 610 1690 Scipio
633 1644 787 1679 lecticula
808 1645 844 1679 in
866 1644 969 1680 aciem
992 1644 1107 1679 illatus
1121 1648 1140 1681 6

57 1697 227 1732 conflixit:
253 1709 316 1732 nec
333 1696 434 1731 dubia
450 1696 589 1731 victoria
605 1696 689 1730 fuit:
715 1696 825 1731 minus
843 1706 953 1730 tamen
969 1695 1108 1731 dimidio

59 1748 204 1783 hostium
229 1760 329 1794 quam
354 1752 461 1791 antea,
487 1747 564 1794 quia
590 1747 763 1792 pauciores
785 1748 1020 1793 superfuerant
1046 1748 1108 1793 qui
