1298 1921
182 67 245 96 232
440 64 476 94 T.
503 63 621 93 LIVII
647 63 983 93 HISTORIARUM
1067 103 1102 137 [A
1129 105 1148 128 C
1172 105 1224 128 214.

153 146 171 175 5
184 139 312 174 missos.
362 138 415 173 Ad
432 138 663 183 Murgantiam
685 140 761 172 turn
783 138 922 173 classem
944 138 1079 172 navium
1096 142 1232 172 centuni

199 191 356 224 {omanus
374 190 527 230 habebat,
543 202 686 234 quonam
704 189 882 224 evaderent
899 193 1009 223 motus
1026 201 1066 223 ex
1084 188 1228 223 caedibus

185 245 402 287 tyrannorum
419 241 484 275 orti
498 240 680 286 Syracusis,
700 253 806 286 quove
824 252 879 275 eos
898 243 1011 286 ageret
1027 252 1114 275 nova
1130 243 1231 284 atque

184 292 319 327 insolita
335 292 481 336 libertas,
499 291 684 337 opperiens.

156 350 174 379 6
232 344 298 378 Per
322 343 455 378 eosdem
481 342 551 377 dies
575 355 676 389 quum
701 342 741 377 ad
764 342 962 377 Marcellum
983 342 1170 377 venientem
1195 341 1233 376 in

188 395 333 430 Siciliam
350 395 452 440 legati
467 394 666 440 Syracusani
682 394 775 428 missi
793 393 832 428 ab
847 394 956 439 Appio
974 397 1093 435 essent,
1110 393 1232 428 auditis

188 446 435 482 conditionibus
458 446 549 491 pacis
568 445 757 487 Marcellus,
774 457 872 490 posse
896 457 966 479 rem
989 445 1164 479 convenire
1181 457 1233 478 ra-

189 501 256 540 tus,
282 502 316 533 et
341 498 412 543 ipse
436 497 565 543 legatos
591 498 780 543 Syracusas,
801 496 859 540 qui
881 508 992 531 coram
1015 508 1089 530 cum
1115 499 1233 541 praeto-

158 550 279 585 7ribus
297 550 338 584 de
361 548 549 584 renovando
572 548 697 582 foedere
720 551 867 594 agerent,
886 548 987 582 misit.
1035 547 1081 581 Et
1099 549 1169 591 jam
1187 546 1233 581 ibi

159 607 397 647 Snequaquam
424 600 538 635 eadem
567 600 660 646 quies
686 612 724 634 ac
752 599 975 645 tranquillitas
1004 602 1085 633 erat.
1136 598 1234 632 Post-

189 666 287 699 quam
313 652 475 687 Punicam
500 651 639 686 classem
664 651 841 686 accessisse
868 650 1061 695 Pachynum
1087 649 1234 683 adlatum

188 708 249 746 est,
269 704 404 749 dempto
421 704 541 738 timore
558 703 786 748 Hippocrates
804 706 837 736 et
855 701 1019 747 Epicydes
1041 713 1129 735 nunc
1146 700 1234 746 apud

187 755 433 790 mercennarios
458 755 580 789 milites
605 766 694 788 nunc
719 753 809 798 apud
832 754 1023 798 transfugas
1047 752 1143 797 prodi
1166 752 1234 786 Ro-

159 812 284 842 91ηῆηο
308 808 487 852 Syracusas
505 805 774 840 criminabantur.
824 805 874 839 Ut
892 816 969 838 vcro
987 804 1115 849 Appius
1133 815 1234 837 naves

188 858 230 893 ad
258 858 381 893 ostium
406 860 534 903 portus,
566 869 630 902 quo
656 856 726 891 aliae
755 856 859 901 partis
888 855 1076 890 hominibus
1105 855 1234 888 animus

188 910 370 951 accederet,
394 910 429 944 in
454 909 597 943 statione
623 907 744 942 habere
766 907 877 952 erepit,
894 907 1011 951 ingens
1033 906 1067 941 in
1090 905 1235 950 speciem

189 961 384 996 criminibus
407 960 500 995 vanis
527 962 711 994 accesserat
738 957 830 1001 fides,
859 969 896 992 ac
925 957 1031 1002 primo
1059 956 1159 991 etiam
1183 959 1236 990 tu-

189 1014 357 1048 multuose
387 1012 578 1047 decurrerat
603 1009 784 1046 multitudo
814 1009 853 1044 ad
884 1008 1114 1052 prohibendos,
1145 1008 1173 1042 si
1201 1008 1236 1042 in

100 1067 315 1109 (28)terram
348 1063 596 1110 egrederentur.
661 1062 704 1097 In
734 1062 796 1096 hac
831 1060 1022 1096 turbatione
1053 1072 1163 1094 rerum
1201 1059 1237 1094 in

191 1116 382 1151 concionem
405 1115 517 1150 vocari
539 1114 682 1160 placuit:
708 1113 765 1148 ubi
784 1125 885 1159 quum
902 1112 956 1146 alii
974 1111 1036 1146 alio
1058 1110 1235 1146 tenderent

191 1180 250 1202 nec
275 1166 390 1213 procul
415 1166 579 1201 seditione
604 1177 656 1200 res
681 1167 779 1206 esset,
806 1163 1020 1209 Apollonides
1048 1162 1235 1208 principum

192 1232 277 1254 unus
304 1218 487 1253 orationem
510 1217 689 1252 salutarem
709 1219 747 1250 ut
776 1216 810 1250 in
836 1215 895 1250 tali
922 1218 1071 1260 tempore
1097 1213 1233 1248 habuit:

189 1283 250 1305 nec
283 1282 377 1314 spem
410 1269 527 1304 salutis
559 1280 621 1303 nee
651 1267 827 1313 perniciem
859 1266 1045 1312 propiorem
1077 1276 1236 1310 umquam

190 1322 319 1356 civitati
347 1321 406 1356 ulli
435 1321 558 1355 fuisse:
586 1320 613 1354 si
639 1320 727 1354 enim
749 1330 816 1353 uno
839 1318 947 1352 animo
976 1329 1089 1351 omnes
1115 1316 1168 1350 vel
1194 1315 1236 1350 ad

190 1373 360 1407 Romanos
386 1373 438 1407 vel
462 1372 503 1406 ad
529 1370 820 1416 Carthaginienses
848 1369 1019 1412 inclinent,
1042 1367 1165 1402 nullius
1191 1367 1236 1402 ci-

190 1425 305 1459 vitatis
341 1427 467 1459 statum
501 1423 755 1458 fortunatiorem
788 1433 827 1456 ac
858 1420 1040 1455 beatiorem
1073 1419 1165 1454 sore:
1208 1420 1236 1453 si

191 1476 245 1510 alii
279 1476 342 1510 alio
375 1475 511 1510 trahant
543 1487 606 1516 res,
638 1485 705 1508 non
735 1473 823 1508 inter
852 1472 972 1506 Poenos
1002 1472 1236 1515 Romanosque

191 1527 313 1561 bellum
348 1527 493 1561 atrocius
527 1526 598 1560 fore
631 1537 729 1570 quam
762 1525 850 1558 inter
879 1523 970 1568 ipsos
999 1523 1234 1568 Syracusanos,

191 1591 291 1624 quum
310 1578 399 1612 intra
416 1577 548 1612 eosdem
572 1589 683 1611 muros
704 1588 779 1621 pars
805 1578 947 1620 utraque
973 1586 1049 1608 suos
1067 1573 1236 1608 exercitus

191 1642 251 1663 sua
281 1642 372 1663 arma
401 1641 479 1663 suos
513 1628 668 1663 habitura
700 1627 744 1662 sit
777 1626 898 1661 duces:
932 1625 1054 1671 itaque,
1081 1628 1119 1659 ut
1148 1624 1236 1659 idem

190 1693 303 1715 omnes
322 1680 478 1722 sentiant,
497 1692 626 1714 summa
643 1679 675 1714 vi
693 1677 859 1723 agendum
883 1689 975 1712 esse:
1000 1680 1078 1711 utra
1095 1677 1236 1710 societas

188 1732 232 1766 sit
250 1732 372 1773 utilior,
392 1744 463 1766 eam
481 1731 579 1777 longe
597 1731 758 1765 minorem
781 1741 818 1764 ac
835 1729 967 1764 levioris
984 1727 1144 1762 momenti
1161 1739 1237 1762 con-

187 1783 401 1818 sultationem
435 1795 528 1818 esse:
563 1782 620 1817 sed
652 1786 766 1816 tamen
798 1780 958 1816 Hieronis
991 1780 1104 1825 potius
1137 1791 1236 1825 quam
