1298 1921
198 46 257 75 124
448 45 484 78 T.
504 45 620 77 LIVII
646 46 976 77 HISTORIARUM
1181 89 1207 107 m

165 119 266 154 5dita
289 119 390 154 hosti.
440 120 557 156 Praeda
581 121 699 165 ingens
724 124 821 166 parta
845 124 908 163 cst,
933 125 966 156 ct
991 89 1121 168 praetle‘i'
1136 91 1238 168 gquosss

195 171 350 217 virosque
368 175 402 206 et
419 171 447 206 si
464 173 542 217 quid
559 173 828 218 argenti—quod
846 173 1022 219 plurimum
1045 175 1079 208 in
1096 174 1238 219 phaleris
1278 186 1280 200 ’ν

196 235 356 268 equorum
376 226 459 266 erat,
475 236 549 258 nam
574 224 614 258 ad
632 224 830 258 vescendum
854 225 941 259 facto
964 225 1158 270 perexiguo,
1175 225 1239 259 uti-

197 287 261 320 que
285 274 476 317 militantes,
495 275 828 310 utebantur—omnis
851 281 969 310 ca'tera
993 276 1107 320 praeda
1128 276 1240 320 diripi-

116 318 123 327 ¹
167 330 185 359 6
197 325 281 360 enda
298 325 375 360 data
391 329 453 360 est.
502 326 587 360 Tum
606 326 784 372 sepeliendi
806 338 906 361 causa
922 328 1063 361 conferri
1085 327 1119 361 in
1135 339 1240 361 unum

196 388 335 422 corpora
359 388 493 411 suorum
516 377 637 422 jussit:
665 377 705 411 ad
730 382 806 412 octo
830 377 931 412 millia
956 378 1059 412 fuisse
1084 377 1241 412 dicuntur

195 428 454 462 fortissimorum
479 428 636 462 virorum.
687 428 865 463 Consulem
895 441 1025 474 quoquc
1052 429 1241 463 Romanum
1288 455 1289 460 ,

197 479 418 524 conquisitum
438 479 671 525 sepultumque
689 479 820 524 quidam
840 483 992 514 auctores
1010 483 1098 514 sunt.

168 532 185 565 7
243 530 320 571 Eos,
337 530 393 575 qui
411 530 593 564 Canusium
611 530 835 575 perfugerant,
850 530 967 564 mulier
984 530 1093 576 Apula
1109 530 1241 565 nomine

198 582 299 623 Busa,
318 593 439 625 genere
464 581 552 616 clara
576 593 613 615 ac
631 581 765 623 divitiis,
784 581 946 616 moenibus
969 584 1101 616 tantum
1126 582 1241 615 tectis-

198 645 262 678 quc
280 644 299 666 a
316 633 492 667 Canusinis
515 635 677 677 acceptos,
697 632 864 666 frumento
888 636 980 666 veste
998 633 1118 666 viatico
1141 633 1242 666 etiam

194 683 304 728 juvit:
331 696 390 728 pro
409 696 472 729 qua
489 684 520 718 ei
544 684 769 718 munificentia
785 686 901 728 posica
923 683 1007 718 bollo
1030 684 1178 728 perfecto
1201 683 1241 718 ab

108 731 187 770 (53)
200 737 317 768 senatu
336 735 476 768 honores
494 734 598 769 habiti
616 737 704 769 sunt.
751 735 916 769 Caeterum
935 747 1036 779 quum
1054 733 1098 768 ibi
1116 734 1242 768 tribuni

201 786 338 820 militum
366 789 525 830 quattuor
553 788 675 826 essent,
704 785 824 820 Fabius
850 786 1019 820 Maximus
1049 785 1088 820 de
1114 785 1242 830 legione

200 837 312 881 prima,
339 839 434 881 cujus
462 839 557 880 pater
582 838 691 881 priore
717 848 801 870 anno
827 836 970 871 dictator
994 836 1113 874 fuerat.
1139 841 1172 871 et
1202 836 1242 871 dc

200 888 326 932 legione
352 887 497 922 secunda
521 888 561 922 L.
587 887 757 921 Publicius
783 887 923 922 Bibulus
948 890 982 922 ct
1008 889 1045 922 P.
1069 887 1242 922 Cornelius

199 939 318 983 Scipio,
344 945 378 973 et
403 938 443 973 de
472 938 601 984 legione
626 939 726 972 tertia
746 940 809 984 Ap.
829 938 987 973 Claudius
1014 938 1166 980 Pulcher,
1186 938 1243 983 qui

198 991 348 1035 proxime
382 989 485 1024 aedilis
519 989 641 1028 fuerat,
668 990 814 1023 onmium
848 1002 1011 1024 consensu
1040 990 1080 1024 ad
1108 990 1146 1024 P.
1174 989 1243 1023 Sci·

199 1041 331 1086 pionem
364 1041 541 1075 admodum
575 1040 815 1075 adolescentem
849 1043 881 1075 ct
912 1040 952 1074 ad
981 1042 1043 1086 Ap.
1067 1040 1243 1074 Claudium

170 1097 330 1126 2summa
346 1091 477 1136 imperii
494 1091 604 1126 delata
621 1094 682 1126 est.
725 1092 852 1133 Quibus
871 1091 1137 1126 consultantibus
1155 1091 1244 1125 inter

200 1155 323 1189 paucos
342 1143 381 1177 de
399 1155 529 1177 summa
544 1155 654 1177 rerum
679 1143 812 1177 nuntiat
836 1143 872 1177 P.
892 1142 1012 1177 Furius
1030 1142 1146 1176 Philus
1169 1154 1244 1176 con—

200 1195 319 1229 sularis
333 1194 395 1228 viri
417 1194 514 1235 filius,
539 1194 738 1239 nequiquam
758 1207 812 1228 cos
830 1194 993 1239 perditam
1011 1206 1104 1238 spem
1122 1194 1243 1235 fovere,

201 1245 409 1291 desperatam
443 1245 747 1290 comploratamque
772 1258 840 1279 rem
866 1257 937 1279 csse
968 1245 1152 1290 publicam:
1186 1256 1245 1278 no-

201 1297 283 1331 biles
296 1299 437 1341 juvencs
455 1296 627 1341 quosdam,
647 1309 787 1341 quorum
811 1296 991 1341 principem
1015 1296 1055 1330 L.
1075 1295 1244 1330 Caecilium

202 1348 389 1389 Metellum,
408 1360 497 1382 mare
516 1359 553 1382 ac
575 1360 676 1382 naves
702 1350 851 1392 spectaro
874 1350 913 1380 ut
932 1347 1065 1381 deserta
1081 1346 1180 1380 Italia
1204 1346 1246 1380 ad

172 1402 319 1445 3rcgum
353 1399 493 1444 aliquem
527 1399 764 1443 transfugiant.
815 1397 915 1435 Quod
947 1397 1079 1438 malum,
1110 1402 1245 1442 praeter-

203 1463 300 1496 quam
328 1453 433 1491 atrox,
453 1462 554 1494 super
576 1454 627 1484 tot
652 1450 760 1484 clades
783 1449 882 1484 etiam
906 1461 1026 1483 novum
1048 1461 1147 1494 quum
1175 1452 1245 1482 stu-

202 1514 283 1546 pore
313 1513 350 1536 ac
379 1501 537 1535 miraculo
566 1501 715 1546 torpidos
744 1500 925 1541 defixisset,
956 1503 990 1534 et
1023 1501 1079 1545 qui
1108 1499 1245 1533 aderant

202 1552 375 1587 consilium
403 1551 630 1586 advocandum
657 1552 696 1586 de
721 1564 760 1586 eo
784 1554 967 1592 censerent,
992 1555 1093 1596 nogat
1118 1550 1245 1585 consilii

202 1616 271 1638 rem
295 1615 367 1638 esse
392 1603 501 1648 Scipio
515 1603 658 1648 juvenis,
678 1602 787 1636 fatalis
814 1603 883 1636 dux
906 1602 1043 1646 hujusce
1067 1601 1163 1636 belli:
1189 1613 1246 1635 au-

202 1655 346 1689 dendum
364 1657 463 1700 atque
482 1654 645 1699 agendum
671 1666 737 1687 non
755 1653 1011 1687 consultandum
1030 1653 1075 1687 ait
1100 1653 1133 1686 in
1151 1656 1244 1686 tanto

202 1706 288 1740 malo
305 1718 396 1740 esse:
424 1706 509 1740 irent
528 1718 639 1739 secum
658 1704 824 1749 extemplo
846 1704 973 1746 armati,
992 1705 1048 1749 qui
1071 1715 1139 1737 rem
1162 1703 1245 1748 pub-

201 1756 297 1792 licam
324 1757 447 1791 salvam
472 1756 614 1791 vellent:
649 1755 739 1790 nullo
766 1755 839 1789 loco
865 1755 975 1790 verius
1005 1766 1103 1800 quam
1126 1753 1182 1788 ubi
1207 1765 1246 1788 ea

1274 50 1275 55 ,
1290 0 1293 55 l
