1298 1921
390 45 481 77 LIB.
504 45 621 76 XXII.
644 45 780 75 42—44.
1055 44 1114 74 115

72 88 295 167 &aehmgijmm
323 120 418 155 initio
447 119 600 155 fremitus
629 118 747 154 deinde
777 120 894 163 aperta
920 117 1143 153 vociferatio3

71 173 213 208 fuissent
230 171 481 217 exposcentium
499 170 702 216 stipendium
719 168 869 204 debitum
890 169 1116 215 querentium-

71 235 135 270 que
162 234 323 258 annonam
350 222 457 268 primo
482 224 649 267 postremo
676 221 808 262 famem,
835 225 870 255 et
894 220 1114 255 mercenarios

70 273 193 310 milites
213 273 354 308 maxime
376 272 522 318 Hispani
547 272 677 318 generis
703 271 743 306 de
765 271 964 306 transitione
986 272 1115 316 cepisse

70 324 242 361 consilium
260 324 347 358 falna
368 328 467 366 esset,
486 324 559 369 ipse
576 323 676 358 etiam
699 322 867 358 interdum
885 321 1058 357 Hannibal
1074 321 1115 357 de

70 376 151 421 fuga
166 376 200 410 in
219 375 359 410 Galliam
377 374 500 410 dicitur
517 374 665 420 agitasse
687 374 736 409 ita
758 376 797 408 ut
819 373 936 408 relicto
961 372 1115 418 peditatu

69 426 158 461 omni
176 439 251 462 cum
269 425 438 471 equitibus
456 438 491 460 se
508 425 704 471 proriperet.
755 425 870 463 Quum
892 424 962 459 haec
979 423 1116 459 consilia
1128 428 1148 458 4

70 481 170 523 atque
198 477 252 512 hic
278 477 412 512 habitus
439 477 622 511 animorum
652 478 740 511 esset
769 476 803 511 in
828 475 956 517 castris,
982 487 1115 510 movere

69 528 146 563 inde
173 529 294 563 statuit
318 528 353 563 in
377 527 534 563 calidiora
557 530 657 573 atque
682 539 720 562 eo
745 527 928 561 maturiora
951 524 1115 561 messibus

69 579 200 625 Apuliae
227 579 308 620 loca,
335 579 433 614 simul
460 578 558 624 quod,
585 590 650 624 quo
674 578 806 624 longius
831 577 872 613 ab
892 578 989 612 hoste
1008 589 1116 612 reces—

69 631 180 674 sisset,
209 630 398 674 transfugia
425 629 637 674 impeditiora
664 629 792 664 levibus
821 628 963 674 ingeniis
991 630 1113 663 essent.

69 681 247 716 Profectus
264 684 316 716 est
340 683 439 716 nocte
464 680 598 726 ignibus
621 680 773 715 similiter
795 680 893 715 factis
919 679 1116 715 tabernacu-

69 732 175 778 lisque
207 732 320 778 paucis
352 731 386 766 in
419 731 563 777 spec-iem
594 731 729 775 relictis,
757 733 796 766 ut
828 730 1023 766 insidiarum
1055 742 1116 775 par

68 784 170 829 priori
186 787 295 818 metus
309 783 494 818 contineret
508 783 687 819 Romanos,
737 782 803 817 Sed
819 795 878 828 per
890 782 1032 818 eundem
1048 781 1115 817 Lu·
1130 789 1148 817 5

68 846 186 870 canum
212 834 382 869 Statilium
404 833 556 869 omnibus
573 834 662 869 ultra
684 837 793 869 castra
809 837 968 879 transque
985 835 1115 868 montes

68 885 248 931 exploratis
278 898 380 931 quum
409 885 551 920 relatum
580 890 668 920 esset
694 885 802 920 visum
826 885 942 931 procul
966 884 1117 919 hostium

69 948 197 983 agmen,
223 939 297 971 tum
326 936 367 971 de
396 936 601 982 insequendo
627 949 666 972 eo
691 936 828 972 consilia
853 936 974 982 agitari
996 938 1114 981 coepta.

70 988 179 1030 Quum
196 988 373 1034 utriusque
391 988 535 1022 consulis
553 987 666 1023 eadem
689 1000 762 1033 quae
783 990 860 1023 ante
884 1000 1013 1034 semper
1035 987 1116 1022 fuis·
1129 991 1147 1020 6

68 1042 120 1074 set
138 1039 313 1082 sententia,
332 1042 489 1074 caeterum
507 1039 651 1074 Varroni
668 1039 737 1074 fere
754 1051 878 1082 omnes,
898 1039 1002 1074 Paulo
1019 1050 1116 1073 nemo

68 1094 190 1135 praeter
219 1090 397 1125 Servilium
425 1090 545 1135 prioris
574 1090 651 1125 anni
679 1090 847 1126 consulem
877 1090 1114 1132 adsentiretur,

67 1141 201 1187 majoris
224 1141 328 1187 partis
352 1141 519 1176 sententia
541 1141 583 1176 ad
605 1140 827 1176 nobilitandas
850 1141 942 1176 clade
964 1142 1116 1176 Romana

68 1192 200 1227 Cannas
217 1194 360 1238 urgente
383 1192 454 1226 fato
478 1192 621 1237 profecti
644 1195 732 1227 sunt.
781 1193 891 1238 Prope
914 1205 990 1227 eum
1006 1192 1115 1227 vicum
1131 1197 1149 1230 7

67 1243 239 1279 Hannibal
255 1246 365 1278 castra
381 1249 541 1289 posuerat
558 1256 674 1279 aversa
690 1256 709 1279 a
730 1244 899 1279 Volturno
922 1247 1037 1286 vento,
1059 1244 1116 1290 qui

67 1295 191 1341 campis
208 1295 344 1330 torridis
363 1295 513 1330 siccitate
531 1295 636 1330 nubes
653 1295 800 1341 pulveris
814 1296 917 1331 vehit.
958 1295 1001 1331 Id
1014 1308 1116 1341 quum
1130 1302 1148 1330 8

67 1346 148 1392 ipsis
165 1346 283 1381 castris
306 1346 577 1392 percommodum
594 1346 669 1389 fuit,
689 1350 764 1382 tum
782 1347 928 1382 salutare
950 1347 1115 1393 praecipue

67 1397 220 1432 futurum
237 1400 308 1432 erat
326 1410 429 1443 quum
444 1398 548 1434 aciem
569 1398 762 1445 dirigerent,
779 1398 845 1445 ipsi
866 1399 1115 1444 aversi—terga

66 1451 201 1483 tantum
233 1449 377 1484 adflante
406 1449 586 1484 vento—in
617 1453 816 1485 occaecatum
845 1451 981 1497 pulvere
1009 1450 1116 1485 offuso

66 1499 198 1535 hostem
215 1500 406 1546 pugnaturi.

114 1551 276 1586 Consules
304 1552 385 1586 satis
411 1551 591 1597 exploratis
623 1552 798 1588 itineribus
831 1555 1009 1599 sequentes
1042 1548 1210 1589 Poe-(44)

67 1614 156 1643 num,
174 1605 214 1637 ut
230 1605 367 1638 ventum
385 1602 426 1637 ad
444 1603 576 1638 Cannas
594 1606 656 1645 est,
668 1606 706 1638 ut
723 1604 758 1638 in
775 1609 957 1650 conspectu
974 1604 1114 1639 Poenum

67 1653 244 1696 habebant,
267 1653 343 1689 bina
367 1657 476 1689 castra
497 1655 727 1689 communiunt
750 1655 865 1690 eodem
887 1655 991 1690 ferme
1016 1656 1116 1690 inter-

67 1705 165 1747 vallo,
200 1717 267 1750 quo
300 1705 342 1740 ad
375 1706 585 1749 Gereonium,
619 1706 706 1740 sicut
740 1712 818 1741 ante
851 1707 956 1751 copiis
992 1706 1116 1742 divisis.

68 1755 210 1792 Aufidus
235 1756 342 1793 amnis
365 1757 518 1804 utrisque
543 1757 661 1792 castris
686 1757 836 1793 adfluens
861 1757 986 1794 aditum
1018 1770 1117 1805 aqua·
1130 1763 1149 1792 2
