1272 1921
407 41 497 72 LIB.
521 41 616 72 XXI.
644 43 776 72 11—13.
1079 43 1116 73 13

65 79 225 111 A.c.219.]

63 111 264 147 Turdetanis
281 111 471 157 traditoque
493 111 583 146 omni
604 123 685 146 auro
703 114 805 157 atque
827 111 967 157 argento
989 111 1116 156 egressi

62 163 178 198 urbem
196 175 271 198 cum
294 162 434 208 singulis
456 162 665 197 vestimentis
688 162 734 197 ibi
751 161 943 197 habitarent
965 161 1024 196 ubi
1040 161 1116 196 Ρω-

63 226 125 249 nus
148 214 318 259 jussisset.
367 213 441 248 Has
470 214 560 259 pacis
589 213 679 260 leges
707 213 876 248 abnuente
904 212 1034 247 Alcone
1062 218 1144 248 ars-6

60 267 218 311 cepturos
252 265 466 309 Saguntinos,
494 264 646 306 Alorcus,
681 265 769 300 vinci
801 264 927 299 animos
959 263 1017 298 ubi
1050 263 1114 298 alia

61 316 237 350 vincantur
254 316 441 359 adfirmans,
458 328 494 350 se
511 316 602 361 pacis
626 316 697 362 ejus
714 316 934 361 interpretem
955 314 1027 349 fore
1044 314 1113 360 pol-

59 366 189 402 licetur.
237 367 321 402 Erat
348 369 459 401 autem
487 370 561 401 tum
588 367 682 402 miles
711 366 922 407 Hannibalis,
951 368 1111 400 caeterum

59 418 190 463 publice
205 418 399 461 Saguntinis
413 418 537 453 amicus
552 421 653 464 atque
665 418 797 463 hospes.
847 416 985 452 Tradito
999 416 1108 461 palam
1122 422 1141 454 7

58 469 126 503 telo
154 469 350 504 custodibus
382 469 528 504 hostium
562 473 793 514 transgressus
826 469 1035 503 munimenta
1067 467 1110 502 ad

57 522 233 564 praetorem
264 520 568 566 Saguntinum—et
600 520 672 566 ipse
704 520 752 554 ita
781 519 1019 565 jubebat—est
1053 518 1110 554 de-

57 570 189 606 ductus.
239 571 317 609 Quo
341 584 443 616 quum
460 571 627 617 extemplo
651 583 832 606 concursus
850 570 956 605 omnis
975 570 1107 615 generis

55 621 227 657 hominum
250 624 338 658 esset
360 622 481 664 factus,
501 622 656 657 submota
679 626 800 658 caetera
822 621 1038 656 multitudine
1055 633 1106 656 se-

54 675 154 708 natus
171 673 293 709 Alorco
310 673 407 708 datus
425 676 486 715 est,
501 676 598 718 cujus
611 673 687 708 talis
703 674 812 708 oratio
824 673 889 707 fuit
904 686 910 707 :
938 675 959 690 ‘⁵
971 672 1006 707 Si
1023 672 1103 707 civis
1116 676 1195 719 (13)

54 728 166 759 vester
188 725 282 767 Alco,
301 725 388 760 sicut
413 724 454 759 ad
477 736 591 770 pacem
615 724 792 770 petendam
815 724 857 759 ad
879 723 1104 758 Hannibalem

53 776 155 818 venit,
179 776 228 811 ita
249 776 340 822 pacis
363 775 569 811 conditiones
592 775 633 811 ab
656 775 846 811 Hannibale
867 775 909 809 ad
931 787 990 809 vos
1012 779 1105 810 retu-

51 826 157 869 lisset,
183 839 465 873 supervacaneum
494 827 556 862 hoc
584 827 666 862 mihi
694 827 814 862 fuisset
842 829 917 868 iter,
948 838 1014 872 quo
1043 838 1105 861 nec

50 883 164 913 orator
177 878 378 914 Hannibalis
387 890 449 913 nec
459 878 636 925 transfuga
648 878 689 913 ad
700 890 759 913 vos
770 878 945 913 venissem.
988 877 1104 916 Quum

49 928 105 964 ille
127 932 188 965 aut
209 933 320 965 vestra
340 933 398 964 aut
423 942 484 964 sua
505 930 604 975 culpa
627 929 787 965 manserit
811 929 900 975 apud
925 929 1105 964 hostem—-

50 992 120 1023 sua,
139 981 169 1016 si
185 984 311 1016 metum
332 981 511 1023 simulavit,
536 984 658 1023 vestra,
678 981 707 1016 si
731 980 917 1026 periculum
940 983 992 1015 est
1015 980 1104 1026 apud.

49 1043 109 1067 vos
127 1044 205 1067 vera
229 1031 574 1078 referentibus—ege,
592 1045 634 1068 ne
658 1032 859 1078 ignoraretis
885 1044 958 1066 esse
974 1031 1102 1077 aliquas

48 1086 83 1117 et
97 1083 214 1119 salutis
228 1087 261 1118 et
274 1084 364 1129 pacis
378 1083 471 1118 vobis
485 1084 704 1127 conditiones,
718 1096 778 1129 pro
792 1085 929 1118 vetusto
943 1083 1099 1128 hospitio,

48 1134 138 1179 quod
160 1135 241 1170 mihi
265 1135 436 1170 vobiscum
462 1137 523 1176 est,
549 1135 590 1170 ad
615 1147 674 1170 vos
700 1135 786 1170 veni.
836 1135 963 1169 Vestra
987 1137 1130 1172 autem2

47 1197 148 1220 causa
175 1198 229 1221 me
256 1198 318 1221 nec
347 1186 446 1221 ullius
476 1185 613 1221 alterius
642 1186 733 1232 loqm'
762 1198 835 1232 quae
863 1185 982 1232 loquor
1011 1185 1101 1230 apud

45 1248 116 1278 vos,
134 1238 187 1272 vel
204 1250 243 1273 ea
265 1237 347 1272 fides
365 1237 419 1279 sit,
439 1236 528 1282 quod
544 1249 652 1283 neque
670 1237 749 1272 dum
765 1232 887 1272 vestris
904 1236 1031 1272 viribus
1049 1249 1100 1271 re-

0 1314 1 1325 *
46 1288 182 1323 stitistis
198 1300 306 1334 neque
331 1288 411 1323 dum
436 1288 563 1323 auxilia
584 1288 624 1324 ab
642 1288 806 1324 Romanis
824 1288 984 1334 sperastis
1008 1288 1099 1333 pacis

44 1351 203 1385 umquam
224 1339 313 1385 apud
332 1352 392 1374 vos
411 1339 615 1375 mentionem
642 1340 716 1375 feci.
766 1340 952 1385 Postquam
974 1351 1035 1374 nec
1057 1339 1097 1374 ab
1110 1348 1128 1376 3

44 1391 206 1427 Romanis
234 1392 328 1427 vobis
356 1392 425 1426 ulla
450 1394 501 1426 est
531 1404 606 1437 spes
635 1405 696 1428 nec
722 1394 836 1427 vestra
861 1404 921 1426 vos
944 1391 1012 1437 jam
1038 1394 1098 1426 aut

43 1455 136 1478 arma
159 1446 219 1478 aut
244 1443 364 1479 moenia
384 1445 465 1480 satis
489 1444 684 1485 defendunt,
706 1456 820 1489 pacem
839 1443 953 1478 adfero
974 1442 1016 1477 ad
1037 1454 1097 1477 vos

42 1494 149 1540 magis
180 1496 400 1530 necessariam
434 1509 532 1542 quam
566 1508 704 1542 aequam.
765 1495 873 1540 Cujus
906 1494 955 1529 ita
986 1494 1128 1539 aliqum

41 1557 118 1590 spes
140 1548 202 1589 est,
223 1546 252 1581 si
272 1558 355 1589 eam,
380 1547 656 1589 quemadmodum
681 1549 721 1581 ut
741 1546 849 1582 victor
873 1545 940 1581 fert
966 1545 1096 1580 Hanni-

40 1595 104 1638 bal,
131 1596 179 1632 sic
202 1609 260 1632 vos
284 1601 324 1633 ut
348 1598 430 1633 victi
456 1599 610 1642 audiatis,
638 1598 667 1633 si
691 1610 759 1633 nou
783 1597 827 1640 id,
854 1596 943 1643 quod
972 1597 1094 1631 amitti-

38 1650 106 1689 tur,
125 1648 160 1682 in
183 1647 314 1689 damno,
338 1662 441 1696 quum
466 1651 577 1685 omnia
593 1649 729 1685 victoris
753 1649 830 1692 sint,
849 1648 908 1684 sed
930 1647 1093 1694 quidquid
1133 1656 1140 1695 '²

38 1698 240 1745 relinquitur
262 1712 323 1745 pro
342 1713 480 1736 munere
501 1702 649 1736 habituri
672 1700 820 1736 estis—2
846 1699 963 1734 urbem
987 1699 1091 1740 vobis,
1134 1697 1138 1722 =¹

38 1762 136 1796 quam
155 1763 199 1786 ex
215 1763 337 1798 magna
349 1756 446 1798 parte
459 1753 605 1788 dirutam
622 1756 756 1798 captam
770 1752 839 1787 fere
856 1754 963 1786 totam
981 1750 1092 1795 habet,
