1298 1921
386 23 474 54 LlB.
498 20 624 51 XXIV.
650 22 699 57 13,
720 26 766 52 14.
1042 22 1104 54 215

56 69 130 144 gat}
144 68 295 145 {iffjffln
320 101 398 134 ante
421 97 623 144 nequiquam
646 97 812 143 temptata
843 108 879 132 re
904 96 1039 143 segnior
1062 97 1104 132 ad

54 152 253 190 credendum
271 150 414 186 Nolanis
431 149 551 184 factus.

99 204 223 240 Iisdem
241 202 357 238 diebus
370 204 404 236 et
420 202 457 243 Q.
473 200 596 235 Fabius
614 199 730 235 consul
743 199 785 234 ad
798 199 981 235 Casilinum
997 202 1102 245 temp·
1114 200 1196 246 (14)

0 282 1 292 ,
52 255 202 298 tandum,
223 254 311 300 quod
336 252 490 299 praesidio
513 252 641 287 Punico
665 251 855 293 tenebatur,
879 251 980 294 venit,
1004 253 1038 286 et
1061 250 1102 286 ad

53 308 284 343 Beneventum
301 305 395 340 velut
412 317 454 339 ex
477 304 664 349 composito
687 306 782 346 parte
799 302 904 338 altera
921 303 1044 338 Hanno
1061 315 1103 338 ex

52 359 197 395 Bruttiis
214 371 289 394 cum
307 369 430 403 magna
452 356 603 402 peditum
628 356 847 401 equitumque
870 367 982 396 manu,
1000 355 1104 390 altera

0 422 1 430 ¹
52 411 124 446 Tib.
144 410 313 445 Gracchus
331 409 372 444 ab
389 407 534 443 Luceria
550 407 712 442 accessit:
739 406 796 453 qui
818 406 925 452 primo
942 406 1104 452 oppidum

0 467 1 514 ᾗ
52 462 202 505 intravit,
230 460 358 503 deinde,
386 462 426 494 ut
459 459 661 494 Hannonem
694 458 761 493 tria
791 458 894 493 millia
925 458 1029 493 ferme
1062 457 1103 493 ab

52 513 135 548 urbe
153 513 194 548 ad
212 512 366 548 Calorem
383 511 523 546 fluvium
546 513 657 545 castra
672 509 823 555 posuisse
840 512 874 545 et
891 509 968 544 inde
985 521 1105 554 agrurn

53 565 206 611 populari
223 564 359 605 audivit,
379 566 413 598 et
437 562 508 608 ipse
531 573 688 607 egressus
714 561 877 596 moenibus
894 561 983 596 mille
1000 561 1104 596 ferme

0 633 2 659 ς
53 628 172 663 passus
198 615 239 651 ab
264 615 360 650 hoste
385 616 496 649 castra
519 613 617 648 locat.
667 612 721 648 Ibi
744 612 937 648 concionem
959 613 1135 648 militum2

55 667 172 703 habuit
187 683 194 702 :
220 666 368 712 legiones
386 677 507 710 magna
523 676 565 699 ex
582 666 678 709 parte
696 663 854 699 volonum
875 663 1030 708 habebat,
1048 664 1105 710 qui

54 720 122 761 iam
140 719 281 754 alterum
299 729 422 752 annum
440 716 628 751 libertatem
651 715 754 750 tacite
777 715 896 750 mereri
914 727 1013 761 quam
1030 727 1105 761 pos-

57 770 163 805 tulare
180 769 289 815 palam
305 768 512 803 maluerant:
539 772 690 802 senserat
712 769 826 801 tamen
848 766 996 802 hibernis
1014 778 1107 812 egre-

56 822 149 857 diens
166 833 316 857 murmur
339 820 375 855 in
392 819 523 864 agmine
548 830 621 854 esse
639 818 871 864 quaerentium,
888 830 931 853 en
947 830 1104 864 umquam

56 873 151 908 liberi
172 872 350 907 militaturi
375 873 497 914 essent,
522 871 767 915 scripseratque
791 869 923 904 senatui
946 882 1014 904 non
1035 872 1106 904 tam

57 924 139 970 quid
154 923 381 959 desiderarent
395 934 494 968 quam
512 921 593 967 quid
609 921 830 956 meruisse-nt:
856 920 944 956 bona
960 921 1107 967 fortique

57 987 159 1021 opera
175 987 291 1010 eorum
308 987 342 1010 se
360 974 401 1009 ad
418 986 489 1009 eam
508 973 595 1008 diem
612 985 710 1007 usum
732 984 840 1019 neque
858 972 899 1007 ad
916 972 1105 1018 exemplum

53 1027 140 1073 justi
167 1026 285 1062 militis
314 1027 492 1072 quicquam
524 1025 572 1060 eis
605 1028 728 1070 praeter
759 1024 950 1060 libertatem
979 1024 1105 1059 deesse.

58 1079 111 1113 De
131 1090 170 1113 eo
192 1077 391 1124 permissum
415 1077 479 1122 ipsi
504 1078 587 1118 erat,
613 1075 737 1111 faceret
760 1075 851 1122 quod
876 1088 894 1110 e
916 1088 953 1111 re
975 1075 1136 1122 publiea-‘2'

58 1129 196 1165 duceret
224 1141 307 1164 esse.
356 1129 489 1174 ltaque,
516 1128 709 1174 priusquam
742 1139 819 1162 cum
847 1127 945 1162 hoste
973 1134 1139 1163 manum4

58 1183 258 1225 consereret,
290 1180 488 1226 pronuntiat
520 1181 655 1224 tempus
688 1179 818 1214 venisse
851 1179 898 1214 eis
931 1178 1108 1220 libertatis,

59 1245 156 1279 quam
175 1232 232 1267 diu
255 1232 454 1278 sperassent,
471 1230 643 1277 potiundae
659 1243 666 1265 :
691 1233 828 1276 postero
852 1230 904 1266 die
923 1230 1026 1276 signis
1044 1229 1111 1265 col-

58 1284 135 1320 latis
152 1284 388 1319 dimicaturum
409 1295 493 1329 puro
518 1294 556 1318 ac
572 1282 705 1328 patenti
728 1294 855 1328 campo,
872 1282 931 1317 ubi
953 1282 1025 1317 sine
1041 1281 1111 1316 ullo

57 1335 255 1371 insidiarum
271 1337 365 1370 metu
376 1346 456 1370 vera
469 1334 596 1370 virtute
613 1334 685 1380 geri
702 1346 754 1368 res
772 1336 907 1379 posset:
934 1333 992 1379 qui
1008 1336 1111 1378 caput

57 1387 165 1422 hostis
189 1386 387 1427 rettulisset,
413 1398 491 1421 eum
516 1398 550 1421 se
575 1385 744 1431 extemplo
770 1384 912 1420 liberum
937 1385 1112 1430 jussurum

58 1451 142 1480 esse,
160 1438 218 1484 qui
233 1438 305 1473 loco
323 1437 489 1481 cessisset,
506 1437 542 1472 in
558 1449 635 1472 eum
658 1436 770 1471 servili
788 1436 949 1482 supplicio
967 1435 1113 1470 animad-

57 1503 253 1526 versurum:
281 1501 377 1524 suam
393 1489 514 1535 cuique
536 1489 706 1524 fortunam
724 1488 759 1523 in
775 1500 876 1523 manu
893 1500 986 1523 esse:
1013 1487 1114 1522 liber-

57 1542 123 1577 tati
145 1544 317 1577 auctorem
340 1541 387 1576 eis
409 1553 477 1575 non
502 1553 537 1575 se
560 1540 632 1575 fore
657 1540 764 1575 solum
786 1539 846 1575 sed
868 1539 1038 1575 consulem
1061 1538 1112 1574 M.

57 1593 259 1629 Marcellum
283 1592 342 1628 sed
363 1592 538 1627 universos
560 1594 685 1638 patres,
711 1603 793 1638 quos
817 1592 990 1627 consultos
1013 1590 1054 1625 ab
1078 1602 1114 1625 se

59 1645 100 1680 de
118 1645 273 1680 libertate
290 1656 405 1679 eorum
423 1643 486 1679 sibi
503 1643 713 1689 permisisse:
741 1645 775 1678 et
796 1643 926 1678 litteras
944 1641 1020 1678 inde
1038 1653 1114 1677 con-

59 1697 141 1732 sulis
166 1709 204 1732 ac
226 1700 364 1732 senatus
387 1695 578 1731 consultum
600 1694 764 1730 recitavit.
814 1694 869 1729 Ad
894 1707 967 1741 quae
990 1693 1143 1730 clamor5

59 1761 137 1784 eum
161 1748 292 1795 ingenti
314 1747 459 1783 adsensu
482 1749 535 1783 est
560 1746 733 1782 sublatus:
761 1759 909 1793 pugnam
930 1744 1114 1792 poscebant
