1298 1921
156 17 213 46 102
398 16 433 47 T.
460 16 579 46 LIVII
606 15 937 46 HISTORIARUM
1038 55 1072 88 [A
1101 58 1119 82 C
1144 57 1191 83 217

63 83 142 128 (31)
199 90 287 124 Dum
313 88 383 125 haec
408 93 572 135 geruntur
595 90 628 124 in
646 90 754 133 Italia,
778 90 838 125 Cn.
859 89 1016 125 Servilius
1043 90 1202 125 Geminus

151 143 265 176 consul
283 154 358 176 cnm
376 141 480 176 classe
504 142 638 176 navium
661 146 794 176 centum
817 142 937 186 viginti
960 142 1202 176 circumvectus

152 192 312 227 Sardiniae
342 196 375 227 et
404 193 548 227 Corsicae
577 205 668 227 oram
694 196 727 227 et
757 192 928 227 obsidibus
957 193 1125 237 utrimque
1151 205 1204 227 ae-

150 245 258 289 ceptis
287 245 322 279 in
347 245 495 279 Africam
520 245 716 287 transmisit,
743 248 776 279 et
802 245 892 289 prius
918 257 1016 290 quam
1041 244 1075 278 in
1098 245 1203 279 conti-

150 300 286 330 nentem
304 296 553 330 exscensionem
576 296 711 337 faceret,
731 296 867 341 Menige
889 295 996 330 insula
1019 299 1150 330 vastata
1169 300 1203 330 et

152 347 192 381 ab
214 347 435 382 incolentibus
458 347 641 389 Cercinam,
661 359 702 381 ne
728 351 761 381 et
783 347 930 392 ipsorum
952 350 1105 381 ureretur
1128 346 1204 381 diri-

151 403 352 443 pereturque
386 410 476 443 ager,
507 397 620 432 decem
653 398 788 432 talentis
818 398 949 443 argenti
982 398 1127 442 acceptis
1161 397 1203 432 ad

151 449 250 484 litora
282 449 403 484 Africae
434 450 573 483 accessit
607 450 787 494 copiasque
820 449 986 493 exposuit.
1045 449 1130 483 Inde
1163 449 1204 483 ad

151 500 377 546 populandum
396 512 510 546 agrum
531 500 622 535 ducti
647 501 767 535 milites
786 500 985 545 navalesque
1011 501 1090 535 socii
1105 500 1204 545 juxta

150 552 247 587 effusi
275 564 312 586 ac
345 552 373 586 si
406 552 522 586 insulis
555 552 721 586 cultorum
754 552 930 597 egentibus
964 551 1202 597 praedarentur.

123 605 271 649 2Itaque
300 603 334 637 iu
362 603 498 637 insidias
528 606 654 637 temere
683 603 766 637 illati
796 616 899 648 quum
929 615 948 636 a
974 603 1204 648 frequentibus

151 654 301 700 palantes
320 657 353 688 et
371 654 411 688 ab
434 654 583 688 locorum
604 654 715 699 gnaris
741 654 848 699 ignari
871 653 1202 694 circumvenirentur,

153 718 229 740 cum
246 705 352 740 multa
369 705 456 740 caede
474 717 512 740 ac
535 705 622 740 foeda
644 706 724 751 fuga
746 710 835 740 retro
859 705 899 739 ad
922 717 1021 739 naves
1043 705 1205 749 compulsi

128 760 243 791 Ssuut.
294 756 348 791 Ad
376 757 464 791 mille
491 756 672 799 hominum,
700 769 776 791 cum
804 757 844 791 iis
873 756 1067 801 Sempronio
1095 755 1205 790 Blaeso

153 811 319 853 quaestore
352 808 483 849 amisso,
513 807 627 842 elassis
661 807 701 842 ab
734 808 886 843 litoribus
920 807 1066 842 hostiurn
1099 807 1205 852 plenis

153 859 283 904 trepide
317 859 427 893 soluta
459 859 493 892 in
527 859 670 893 Siciliam
707 871 841 894 cursum
874 859 983 894 tenuit
1016 858 1205 904 traditaque

153 911 293 957 Lilybaei
315 911 352 945 T.
373 910 516 944 Otacilio
539 911 684 954 praetori,
709 914 748 944 ut
771 911 811 945 ab
834 910 945 955 legato
968 911 1040 956 ejus
1063 910 1101 944 P.
1122 910 1206 944 Sura

125 962 296 996 4R0mam
325 961 550 996 reduceretur.
599 962 678 1006 Ipse
704 974 765 1006 per
792 962 935 996 Siciliam
962 960 1103 1005 pedibus
1131 973 1206 1005 pro-

153 1014 262 1048 fectus
277 1013 362 1048 freto
379 1013 414 1047 iu
434 1013 567 1047 Italiam
590 1013 733 1057 trajecit,
752 1013 873 1048 litteris
898 1013 942 1050 Q..
961 1012 1055 1047 Fabii
1080 1012 1206 1047 accitus

154 1070 188 1100 et
213 1065 286 1109 ipse
311 1067 345 1099 et
370 1065 495 1108 collega
521 1065 592 1109 ejus
620 1065 670 1098 M.
694 1065 828 1106 Atilius,
854 1067 892 1099 ut
916 1064 1082 1099 exereitus
1105 1064 1145 1098 ab
1171 1076 1206 1098 se

154 1121 274 1151 exacto
286 1118 357 1160 jam
375 1127 479 1160 prope
497 1115 671 1150 semenstri
690 1115 828 1160 imperio
846 1116 1044 1159 acciperent.

126 1171 144 1199 5
201 1168 359 1202 Omnium
382 1179 486 1211 prope
509 1167 643 1201 annales
666 1167 805 1201 Fabium
829 1167 1025 1201 dictatorem
1048 1166 1206 1201 adversus

155 1218 380 1253 Hannibalem
406 1231 475 1252 rem
502 1218 646 1263 gessisse
672 1218 819 1259 tradunt,
848 1218 972 1252 Coelius
1002 1218 1102 1252 etiam
1131 1230 1206 1252 eum

153 1270 297 1314 primum
325 1282 344 1304 a
370 1269 495 1314 populo
524 1272 673 1303 creatum
701 1269 897 1304 dictatorem
925 1268 1060 1303 scribit:
1089 1269 1146 1303 sed
1173 1272 1207 1303 et

155 1321 295 1355 Coelium
324 1329 358 1355 et
384 1324 521 1355 caeteros
547 1320 634 1365 fugit
660 1321 718 1354 uni
743 1320 870 1355 consuli
897 1320 957 1354 Cn.
979 1320 1126 1362 Servilio,
1151 1320 1207 1365 qui

153 1376 227 1406 tum
246 1371 361 1416 procul
378 1372 412 1406 in
431 1372 536 1406 Gallia
552 1372 723 1416 provincia
744 1371 867 1413 aberat,
882 1371 938 1416 jus
956 1371 1059 1406 fuisse
1077 1371 1208 1406 dicendi

154 1422 336 1463 dictatoris,
372 1435 468 1468 quam
503 1435 626 1456 moram
662 1423 739 1467 quia
771 1428 964 1468 exspectare
993 1422 1112 1456 territa
1135 1424 1207 1466 jam

154 1473 248 1509 elude
265 1474 382 1508 civitas
401 1486 467 1508 non
484 1477 682 1518 poteruneo
701 1473 877 1508 decursum
895 1486 967 1508 esse
985 1476 1023 1507 ut
1048 1485 1068 1507 a
1084 1473 1207 1518 populo

153 1529 323 1560 crearetur
346 1525 403 1570 qui
426 1537 486 1568 pro
510 1524 672 1559 dictatore
696 1530 805 1559 esset:
833 1537 885 1559 res
904 1525 978 1558 inde
1002 1529 1114 1569 gestas
1137 1524 1207 1568 glo-

153 1577 301 1621 riamque
327 1576 490 1621 insignem
517 1575 610 1610 ducis
635 1581 670 1610 et
695 1579 856 1621 augentes
886 1576 1023 1610 titulum
1053 1576 1205 1620 imaginis

154 1630 304 1673 posteros
322 1630 370 1668 ut,
391 1627 447 1672 qui
465 1640 523 1672 pro
545 1627 718 1669 dictatore,
737 1627 880 1662 dictator
900 1626 1092 1661 crederetur
1110 1626 1206 1661 facile

155 1678 350 1713 obtinuisse.

65 1725 149 1767 (32)
204 1729 366 1764 Consules
390 1728 516 1763 Atilius
541 1729 686 1764 Fabiano
713 1729 872 1764 Geminus
903 1729 1061 1764 Servilius
1091 1729 1206 1763 Miuu-
