1298 1921
173 43 236 73 218
421 43 456 73 T.
483 43 599 73 LIV11
625 42 959 74 HISTORIARUM

175 128 213 151 ac
229 127 320 152 nunc
344 117 508 162 complexi
530 118 617 153 inter
634 131 669 154 se
692 118 966 165 gratulantesque
989 87 1217 155 nunbAiiijeiiiiis’

175 167 217 202 ad
234 167 354 202 coelum
377 168 531 203 tollentes
555 169 642 204 bona
663 171 774 204 omnia
798 170 920 216 populo
943 171 1094 205 Romano
1118 171 1218 206 Grac-

175 219 305 264 choque
333 219 397 264 ipsi
429 224 654 265 precarentur,
685 224 758 255 tum
788 221 957 256 Gracchus
987 222 1216 267 “Priusquam

176 282 292 305 omnes
320 270 395 316 jure
429 271 594 306 libertatis
631 273 838 317 aequiisse1n'⁷
871 273 990 318 inquit,
1021 273 1219 308 “neminem

176 325 256 356 nota
273 322 399 356 strenui
423 326 480 356 aut
498 322 609 367 ignavi
634 323 748 358 militis
774 324 908 358 notsssse
926 324 1032 358 volui:
1060 336 1148 358 nunc
1165 337 1219 358 ex-

177 373 288 407 soluta
311 373 379 418 jam
410 372 473 407 fide
507 373 649 418 publica,
680 387 721 409 ne
750 374 927 409 discrimen
955 387 1051 410 omne
1083 375 1219 409 virtutis

177 425 383 470 ignaviaeque
401 430 524 469 pereat,
542 426 675 460 nomina
697 438 820 468 eorum,
841 427 897 472 qui
920 426 1113 461 detractatae
1139 439 1219 472 pug-

177 488 228 511 nae
253 488 416 511 memores
439 477 658 511 secessionem
687 478 785 522 paulo
811 483 888 512 ante
917 478 1077 519 fecerunt,
1103 479 1220 513 referri

177 527 218 562 ad
236 540 287 562 me
299 527 437 571 jubebo,
456 528 642 573 citatosque
667 529 815 575 singulos
835 528 1053 574 jurejurando
1079 528 1219 574 adigam,

176 579 240 613 uisi
270 579 326 624 qui
355 578 489 613 morbus
517 591 616 614 causa
644 580 717 620 erit,
747 593 813 614 non
841 580 936 614 aliter
966 592 1064 625 quam
1093 584 1220 614 stantes

176 630 286 665 cibum
312 631 556 676 potionemque,
582 631 690 676 quoad
714 631 879 677 stipendia
902 631 1034 674 facient,
1061 635 1218 676 capturos

176 694 268 716 esse:
296 681 380 716 hanc
406 681 543 716 multam
567 682 614 716 ita
636 695 730 728 aequo
753 683 860 717 animo
886 683 1010 723 feretis,
1035 682 1063 717 si
1086 688 1220 727 reputa„-

176 732 255 767 bitis
272 733 364 768 nulla
379 733 519 779 ignaviae
537 737 617 767 nota
635 733 756 769 leviore
774 746 832 768 vos
850 734 1015 779 designari
1038 735 1219 779 potuisse.''

149 787 166 815 9
179 784 317 830 Signum
332 784 450 819 deinde
467 784 642 830 colligendi
661 798 740 820 vasa
757 785 858 827 dedit,
872 786 1060 830 militesque
1079 785 1220 829 praedam

178 839 349 881 portantes
373 839 576 882 agentesque
600 849 658 882 per
680 837 847 871 lasciviam
873 849 910 871 ac
931 837 1043 882 jocum
1068 837 1112 871 ita
1136 837 1221 871 ludi-

178 887 282 922 bundi
319 887 551 922 Beneventum
588 888 729 927 rediere,
762 893 803 922 ut
841 887 881 922 ab
917 888 1026 932 epulis
1059 888 1221 922 celebrem

177 939 368 984 festumque
395 939 481 974 diem
507 939 590 974 actis
615 951 683 974 non
707 951 750 974 ex
776 939 844 974 acie
869 939 992 974 reverti
1018 939 1219 974 viderentur.

128 990 407 1025 lOBeneventani
424 1002 538 1025 omnes
552 990 652 1025 turba
668 990 772 1025 effusa
786 1003 889 1036 quum
907 990 1037 1025 obviam
1052 990 1093 1024 ad
1110 994 1222 1035 portas

178 1043 336 1084 exissent,
360 1041 535 1087 complecti
559 1041 692 1084 milites,
717 1042 889 1088 gratulari,
914 1054 1031 1076 vocare
1057 1042 1091 1076 in
1115 1042 1222 1087 hospi-

129 1095 164 1125 11
178 1093 273 1128 tium.
322 1094 496 1139 Appnrata
512 1093 663 1128 convivia
679 1093 833 1128 omnibus
852 1093 885 1128 in
902 1093 1079 1139 propatulo
1104 1093 1222 1128 aedium

177 1144 331 1179 fuerant:
366 1145 406 1179 ad
439 1157 478 1179 ea
509 1144 697 1179 invitabant
727 1145 981 1189 Gracchumque
1014 1144 1150 1179 orabant
1183 1147 1222 1179 ut

128 1200 167 1229 12
178 1195 305 1240 epulari
333 1197 546 1241 permitteret
578 1196 751 1231 militibus.
800 1196 846 1231 Et
876 1195 1045 1230 Gracchus
1075 1196 1122 1230 ita
1147 1208 1222 1241 per—

128 1247 278 1289 l3misit,
297 1247 331 1282 in
354 1247 487 1292 publico
510 1246 726 1292 epularentur
751 1260 876 1282 onmes.
925 1248 1015 1282 Ante
1038 1259 1114 1281 suas
1136 1247 1223 1291 quis-

178 1311 242 1344 que
267 1299 355 1333 fores
380 1299 511 1343 prolata
533 1299 663 1334 onmia:
699 1299 814 1344 pileati
837 1301 895 1333 aut
918 1298 993 1332 lana
1018 1298 1091 1332 alba
1108 1298 1222 1333 velatis

177 1350 343 1395 capitibus
360 1350 494 1385 volones
512 1351 638 1395 epulati
657 1354 747 1392 sunt,
762 1350 816 1385 alii
834 1349 1043 1391 accubantes,
1064 1349 1118 1384 alii
1135 1352 1223 1383 stan-

129 1404 239 1443 l4tes‚
275 1402 331 1447 qui
364 1401 463 1436 simul
495 1401 729 1436 ministrabant
762 1402 1059 1446 vescebanturque.
1115 1401 1224 1445 Digna
1278 1415 1280 1442 ξ

178 1465 231 1488 res
256 1453 328 1488 visa
352 1456 390 1487 ut
424 1453 638 1488 simulacrum
663 1453 821 1488 celebrati
847 1453 920 1498 ejus
949 1452 1014 1487 diei
1043 1452 1220 1494 Gracchus,
1284 1453 1287 1497 ζ

177 1508 355 1550 postquam
382 1505 525 1539 Romam
551 1504 649 1546 redit,
680 1504 772 1549 pingi
793 1504 929 1549 juberet
954 1504 989 1538 in
1013 1502 1082 1538 aede
1109 1503 1224 1538 Liber-
1284 1521 1286 1573 ι

177 1556 268 1597 tatis,
289 1568 386 1601 quam
405 1559 500 1601 pater
517 1558 589 1601 ejus
607 1556 641 1590 in
659 1557 829 1591 Aventmo
852 1568 896 1590 ox
918 1555 1104 1590 multaticia
1127 1567 1223 1600 pecu-
1278 1573 1281 1594 ῃ

178 1608 234 1642 nia
251 1606 435 1642 faciendum
454 1607 583 1642 curavit
601 1607 843 1652 dedicavitque.

91 1661 166 1702 (17)
226 1659 340 1696 Quum
379 1658 448 1693 haec
489 1659 530 1692 ad
570 1659 801 1693 Beneventum
842 1660 1016 1704 geruntur,
1055 1656 1224 1692 Hannibal
1278 1677 1280 1693 ι

179 1709 402 1755 depopulatus
436 1722 553 1755 agrum
586 1710 849 1756 Neapolitanum
880 1708 923 1743 ad
955 1708 1077 1744 Nolam
1117 1713 1224 1742 castra

149 1765 301 1797 2movet.
351 1761 462 1800 Quem
485 1761 540 1796 ubi
567 1761 747 1797 adventare
769 1761 886 1796 consul
908 1760 1022 1801 sensit,
1042 1760 1222 1804 Pomponio
1277 1735 1288 1823 ξ
