1298 1921
382 27 475 58 LIB.
499 27 625 58 XXIV.
654 29 788 58 30—32.
1067 27 1128 58 237

80 71 114 96 A.
129 70 157 95 c.
172 69 242 100 214.]

80 105 216 138 tandem
246 101 438 148 Syracusas.
487 102 573 138 Haec
603 115 705 149 quum
733 102 875 138 recitata
903 103 1026 145 essent,
1053 113 1128 136 cum
1144 105 1162 136 6

81 157 176 189 tanto
194 153 336 189 clamore
353 153 395 188 ad
412 166 503 188 arma
520 153 707 189 discursum
724 156 786 196 est,
805 156 844 188 ut
861 156 1020 199 praetores
1043 152 1132 187 inter

79 204 264 240 tumultum
282 204 393 250 pavidi
410 205 676 251 abequitaverint
695 205 885 251 Syracusas.
930 204 977 239 Et
994 216 1035 238 ne
1052 204 1133 249 suga
1146 211 1163 240 7

81 256 216 303 quidem
248 267 362 291 eorum
397 256 517 291 seditio
551 268 742 302 compressa
769 259 821 291 est
854 257 1066 301 impetusque
1098 255 1134 290 in

83 308 308 354 Syracusanos
333 307 457 342 milites
482 307 628 343 fiebant:
654 320 715 343 nec
740 307 781 343 ab
809 307 877 342 ullo
906 310 1133 352 temperatum

81 359 179 401 foret,
201 359 236 393 ni
260 358 425 405 Epicydes
451 362 552 405 atque
576 359 802 405 Hippocrates
826 359 884 394 irae
908 358 1134 393 multitudiuis

81 410 214 445 obviam
232 410 350 452 issent,
369 422 437 444 non
459 423 479 445 a
495 410 721 445 misericordia
744 414 803 445 aut
819 410 964 445 humano
987 409 1135 451 consilio,

81 461 141 497 sed
164 474 206 497 ne
231 474 324 507 spem
352 461 481 496 reditus
506 461 727 507 praeciderent
752 461 825 504 sibi,
851 464 885 497 et
913 473 1015 507 quum
1044 461 1135 506 ipsos

81 513 181 548 simul
198 513 320 548 milites
338 513 421 548 fidos
438 512 600 548 haberent
614 513 713 548 simul
729 513 871 555 obsides,
884 516 957 548 tum
971 516 1132 559 cognatos

82 577 214 611 quoque
231 577 345 600 eorum
364 568 466 610 atque
491 564 614 599 amicos
631 567 727 600 tanto
747 565 867 600 merito
891 565 1035 610 primum
1059 563 1137 599 dein

81 617 221 662 pignore
246 616 309 651 sibi
333 616 560 651 conciliarent.
608 616 826 662 Expertique‚
852 628 951 661 quam
967 628 1055 650 vana
1076 618 1167 652 aut8

81 667 147 703 levi
179 679 261 702 aura
288 667 409 703 mobile
437 666 560 713 vulgus
586 671 685 710 esset,
712 668 852 702 militem
880 667 995 702 nancti
1023 679 1067 702 ex
1096 679 1135 702 eo

81 731 231 762 numero,
254 719 312 764 qui
333 719 368 753 in
391 718 567 754 Leontinis
585 719 796 754 circumsessi
812 722 920 762 erant,
938 719 1134 761 subornant,

81 773 121 805 ut
145 771 325 815 Syracusas
349 771 514 816 perferret
539 771 696 806 nuntium
723 771 979 806 convenientem
996 771 1044 805 eis
1062 783 1135 816 quae

82 821 124 857 ad
149 821 261 868 Mylas
290 821 374 856 falso
401 822 558 856 nuntiata
584 826 690 864 erant,
719 826 956 868 auctoremque
982 834 1017 857 se
1043 822 1135 857 exhi—

80 872 190 908 bendo
208 885 246 908 ac
258 873 351 908 velut
365 873 437 908 visa
454 885 527 918 quae
545 873 646 909 dubia
662 877 757 909 erant
770 874 937 909 narrando
951 874 1134 909 concitaret

80 926 147 960 iras
162 925 342 959 hominum.
392 925 483 960 Huic
501 937 569 959 non
584 926 675 971 apud
691 925 829 972 vulgum
847 925 945 960 modo
970 925 1051 960 fides
1069 926 1132 960 fuit
1146 926 1232 970 (32)

82 976 140 1011 sed
180 979 334 1012 senatum
367 988 499 1022 quoque
537 977 572 1011 in
605 977 730 1012 curiam
766 977 980 1012 introductus
1018 977 1133 1013 movit.

81 1028 188 1063 Haud
211 1028 288 1063 vani
313 1027 447 1073 quidam
472 1028 623 1063 homines
649 1028 759 1074 palam
785 1029 882 1071 ferre,
908 1027 1055 1073 perbene
1080 1027 1133 1062 de·
1151 1035 1170 1064 2

82 1082 208 1115 tectam
240 1080 276 1114 in
307 1079 484 1114 Leontinis
518 1092 591 1114 esse
624 1080 795 1115 avaritiem
830 1084 864 1115 et
897 1079 1132 1115 crudelitatem

81 1131 334 1167 Romanorum:
371 1130 496 1174 eadem,
521 1131 550 1166 si
572 1131 756 1167 intrassent
781 1132 972 1178 Syracusas,
998 1134 1057 1166 aut
1078 1132 1137 1166 foe-

81 1182 176 1217 diora
204 1183 316 1224 etiam,
343 1194 410 1228 quo
442 1184 551 1228 majus
576 1182 623 1218 ibi
651 1183 800 1218 avaritiae
828 1183 1002 1229 praemium
1034 1186 1134 1224 esset,

81 1234 231 1269 facturos
260 1234 375 1269 fuisse.
425 1234 547 1280 Itaque
576 1234 776 1270 claudendas
810 1235 923 1270 cuncti
956 1236 1071 1280 portas
1102 1237 1136 1269 et
1152 1245 1170 1273 3

83 1285 337 1320 custodiendam
354 1285 472 1320 urbem
489 1297 634 1321 censere.
679 1286 745 1321 Sed
761 1298 829 1321 non
846 1286 886 1321 ab
903 1285 1007 1321 isdem
1022 1298 1136 1320 omnes
1148 1292 1168 1321 4·

82 1338 201 1372 timere
233 1349 295 1372 nec
328 1336 462 1372 eosdem
495 1336 624 1372 odisse:
651 1337 694 1372 ad
726 1337 869 1372 militare
904 1349 1011 1383 genus
1040 1349 1137 1372 omne

81 1392 281 1435 partemque
312 1401 468 1434 magnam
494 1388 600 1434 plebis
631 1389 776 1424 invisum
809 1401 883 1424 esse
915 1401 1036 1423 nomen
1069 1388 1137 1423 Ro-

82 1452 238 1475 manum:
281 1443 442 1485 praetores
481 1440 761 1486 optimatiumque
793 1440 901 1486 pauci,
936 1452 1136 1486 quamquam

82 1491 280 1528 inflammati
301 1503 387 1526 vano
409 1492 528 1526 nuntio
552 1495 659 1534 erant,
685 1495 799 1527 tamen
821 1491 863 1526 ad
886 1493 1025 1537 propius
1051 1504 1134 1536 prze-

83 1543 280 1589 sentiusque
302 1542 426 1577 malum
448 1544 615 1578 cautiores
636 1556 719 1579 esse.
769 1544 815 1579 Et
830 1541 900 1588 jam
917 1542 959 1577 ad
978 1544 1136 1589 Hexapy-
1152 1548 1170 1577 5

82 1594 151 1630 lum
179 1597 274 1630 erant
296 1595 525 1640 Hippocrates
548 1598 649 1641 atque
673 1595 850 1641 Epicydes,
873 1594 1136 1640 serebanturque

84 1646 250 1692 colloquia
277 1658 337 1692 per
364 1646 569 1692 propinquos
600 1646 811 1692 popularium
841 1646 900 1691 qui
924 1646 960 1681 in
987 1647 1137 1681 exercitu

84 1701 190 1740 erant,
216 1701 256 1733 ut
281 1700 395 1744 portas
419 1698 588 1743 aperirent
612 1699 826 1744 sinerentque
849 1710 1057 1734 communem
1081 1710 1138 1743 pa-

85 1749 185 1785 triam
226 1749 360 1785 defendi
400 1749 442 1785 ab
480 1749 609 1795 impetu
647 1750 887 1786 Romanorum.
952 1749 1029 1784 Jam
1063 1749 1138 1784 unis
1153 1757 1172 1788 6
