1298 1921
225 79 236 92 Ρ
412 36 502 67 LIB.
526 35 664 67 XXIII.
688 37 824 68 35—37.
1086 37 1145 66 183

97 80 180 147 beffa
190 75 294 158 ziggsslta
310 111 493 146 insolenter
514 111 628 146 laetum
651 110 834 145 exereitum
858 110 1007 144 tironum
1024 121 1148 156 magna

96 176 138 199 ex
170 166 266 208 parte
301 166 336 198 et
369 175 541 198 servorum
574 162 773 207 spoliantem
806 161 914 196 vict-os
950 160 1146 207 praedasque

96 218 251 260 agentem
284 213 325 249 ad
358 214 486 249 Hamas
520 226 555 248 se
593 214 820 256 inventurum,
853 213 993 248 citatum
1027 225 1147 259 agmen

95 271 217 312 praeter
239 265 389 310 Capuam
411 265 510 311 rapit,
527 265 710 310 obviosque
736 277 777 299 ex
800 264 881 310 fuga
904 265 1147 309 Campanorum

95 317 173 352 dato
202 316 356 362 praesidio
382 316 531 362 Capuam
561 316 647 358 duci,
676 316 805 351 saucios
831 315 992 350 vehiculis
1017 315 1147 360 portari

91 369 198 414 jubet,
246 368 325 414 Ipse
342 368 463 403 Hamis
481 379 587 402 vacua
609 367 650 402 ab
673 366 827 402 hostibus
850 369 961 401 castra
977 378 1038 401 nec
1055 366 1176 411 quic-3

95 432 195 464 quam
219 425 343 464 practer
367 419 511 454 recentis
534 419 678 464 vestigia
701 418 800 453 caedis
823 420 997 463 strataque
1020 418 1145 462 passim

93 482 233 516 corpora
256 471 422 505 sociorum
448 470 586 505 invenit.
636 472 803 504 Auctores
829 472 924 504 erant
950 468 1083 515 quidam
1105 471 1176 505 ut4

94 522 247 567 protinus
276 522 353 557 inde
383 521 506 556 Cumas
540 521 678 556 duceret
707 520 891 566 urbemque
920 524 1143 566 oppugnaret.

94 573 136 608 Id
169 585 369 618 quamquam
401 572 491 608 haud
525 572 654 607 modice
688 571 860 607 Hannibal
892 571 1058 617 cupiebat,
1093 574 1175 613 ut,5

95 624 172 670 quia
189 624 364 670 Neapolim
386 625 459 659 non*
473 626 639 669 potuerat,
659 623 783 658 Cumas
806 623 925 658 saltem
945 622 1146 658 maritimam

93 676 210 711 urbem
234 676 382 718 haberet,
408 678 530 717 tamen,
554 675 634 721 quia
659 678 783 720 praeter
807 687 899 709 arma
923 674 1007 709 nihil
1031 686 1145 709 secum

95 728 188 763 miles
220 728 342 773 raptim
375 734 450 763 acto
483 727 614 773 agmine
643 726 823 769 extulerat,
852 729 943 761 retro
972 726 1007 760 in
1035 729 1146 761 castra

94 791 194 824 snper
218 779 330 814 Tifata
353 791 389 814 se
414 779 549 824 recepit.
599 777 685 813 Inde
710 778 873 823 fatigatus
897 777 1174 823 Campanorum6

94 830 248 876 precibus
271 831 424 876 sequenti
446 830 498 865 die
515 842 591 865 cum
612 830 702 864 omni
724 832 889 874 apparatu
909 828 1144 874 oppugnandae

94 881 186 916 urbis
210 881 333 917 Cumas
355 881 454 923 redit,
470 881 758 927 perpopulatoque
781 893 862 926 agro
880 880 1031 915 Cumano
1054 879 1144 914 mille

94 945 212 978 passus
244 933 285 968 ab
317 933 400 968 urbe
432 936 543 968 castra
569 932 669 976 locat,
699 945 802 977 quum
832 932 1004 967 Gracchus
1037 931 1144 976 magis

95 984 295 1019 verecundia
320 984 356 1020 in
381 984 441 1019 tali
467 984 666 1019 necessitate
691 983 865 1019 deserendi
891 983 998 1018 socios
1025 983 1145 1028 implo-

94 1038 207 1070 rantes
225 1035 323 1071 fidem
340 1048 435 1071 suam
457 1035 640 1081 populique
658 1035 802 1070 Romani
819 1034 1028 1081 substitisset
1046 1046 1144 1080 quam

94 1087 176 1122 satis
193 1086 298 1122 fidens
316 1087 490 1122 exercitui.
540 1087 614 1122 Nec
638 1086 722 1121 alter
742 1086 859 1122 consul
875 1085 1009 1128 Fabius,
1028 1086 1086 1131 qui
1103 1084 1144 1120 ad
1156 1092 1175 1125 7

95 1137 192 1173 Cales
209 1141 319 1173 castra
341 1138 494 1181 habebat,
513 1138 721 1173 Vulturnum
743 1138 868 1173 flumen
884 1137 1061 1172 traducere
1086 1149 1143 1171 au—

93 1189 194 1224 debat
218 1189 412 1234 exercitum,
429 1192 614 1235 occupatus
637 1189 744 1235 primo
768 1188 926 1234 auspiciis
951 1187 1144 1234 repetendis

93 1240 169 1276 dein
192 1241 364 1287 prodigiis,
384 1254 458 1287 quae
480 1241 544 1276 alia
565 1253 666 1287 super
690 1240 754 1276 alia
773 1240 1025 1280 nuntiabantur,
1051 1240 1145 1285 expi-

93 1292 229 1338 antique
246 1305 285 1328 ea
301 1292 391 1327 haud
407 1292 503 1328 facile
520 1292 610 1327 litari
628 1292 823 1338 haruspices
841 1291 1102 1336 respondebant.

139 1343 198 1378 Eae
224 1355 333 1379 eausae
362 1356 465 1390 quum
491 1343 630 1379 Fabium
660 1346 826 1385 tenerent,
859 1343 1078 1388 Sempronius
1107 1342 1235 1390 in(37)

93 1395 265 1430 obsidione
293 1398 375 1439 erat,
404 1399 438 1430 et
463 1396 531 1441 jam
565 1394 722 1441 operibus
756 1394 1024 1441 oppugnabatur.
1073 1394 1173 1434 Aci-2

94 1459 210 1482 versus
234 1447 376 1493 ligneam
401 1447 572 1493 ingentem
597 1446 765 1481 admotam
788 1446 865 1481 urbi
889 1446 986 1481 aliam
1014 1448 1144 1481 turrem

93 1510 135 1533 ex
152 1498 226 1543 ipso
248 1510 344 1533 muro
366 1498 526 1533 excitavit
548 1498 666 1533 consul
691 1498 874 1539 Romanus,
901 1497 1072 1543 aliquanto
1097 1497 1144 1531 al-

92 1550 224 1591 tiorem,
253 1549 330 1594 quia
357 1561 453 1584 muro
475 1549 564 1584 'satis
591 1561 650 1595 per
679 1561 715 1583 se
741 1548 809 1584 alto
836 1548 998 1594 subjectis
1025 1548 1143 1584 validis

93 1600 231 1635 sublicis
253 1612 314 1646 pro
336 1600 406 1635 solo
429 1604 510 1635 usus
533 1605 616 1636 erat.
665 1599 751 1635 Inde
774 1600 918 1646 primum
942 1600 1031 1635 saxis
1052 1600 1173 1641 sudi-3

92 1651 223 1697 busque
260 1654 295 1686 et
332 1651 462 1687 eaeteris
500 1651 682 1687 missilibus
715 1654 983 1697 propugnatores
1023 1651 1145 1686 moenia

93 1706 195 1748 atque
212 1703 329 1738 urbem
351 1703 546 1747 tuebantur,
563 1706 743 1749 postremo,
759 1702 818 1738 ubi
839 1702 1065 1748 promovendo
1088 1702 1146 1737 ad-

88 1757 243 1800 junctam
261 1766 357 1790 muro
374 1754 531 1790 viderunt
552 1758 691 1797 turrem,
710 1754 839 1790 facibus
861 1753 1057 1789 ardentibus
1074 1753 1146 1800 plu-
