1298 1921
411 57 500 88 LIB.
526 57 663 90 XXIII.
690 59 825 90 10—12.
1086 63 1146 94 149

88 96 446 178 iiz'oi's'sssessssumque
475 144 495 167 a
522 133 639 179 templi
663 133 826 176 antistite,
851 134 940 170 sicut
965 138 1146 171 coronatus

87 183 201 218 laurea
232 196 357 219 corona
389 186 424 219 et
462 185 633 219 oraculum
667 185 792 220 adisset
825 188 859 220 et
895 199 965 222 rem
999 187 1145 222 divinam

87 234 231 277 fecisset,
257 236 305 270 ita
328 238 524 270 coronatum
550 248 668 271 navem
694 236 873 272 ascendere
897 249 960 273 nec
985 245 1063 273 ante
1088 238 1145 273 de-

87 297 209 331 ponere
239 299 312 322 eam
341 298 440 333 quam
468 287 607 322 Romam
636 287 854 333 pervenisset.
905 289 947 323 Se
976 296 1174 334 quaecum-5

86 349 150 382 que
178 338 341 383 imperata
370 338 437 372 sint
464 350 539 373 cum
566 351 696 373 summa
721 339 881 385 religione
907 352 945 374 ac
970 339 1145 386 diligentia

85 392 310 434 exsequutum
342 401 499 424 coronam
526 390 643 425 Romae
669 390 705 424 in
734 402 825 424 aram
849 390 1018 435 Apollinis
1043 391 1144 437 depo-

85 439 202 475 suisse.
253 440 400 475 Senatus
429 439 579 475 decrevit
606 444 644 475 ut
674 454 721 476 eae
747 453 801 476 res
829 440 949 476 divinae
977 442 1144 487 supplica-

83 491 260 538 tionesque
277 492 389 537 primo
408 504 542 538 quoque
559 495 709 538 tempore
727 505 802 527 cum
820 504 901 528 cura
917 493 1045 528 fierent.

130 542 222 577 Dum
251 543 322 578 haec
350 543 467 578 Romae
492 546 593 589 atque
617 543 652 578 in
677 543 778 578 Italia
802 547 978 589 geruntur,
1003 544 1172 582 nuntiuse

82 593 232 629 victoriae
254 594 296 629 ad
313 594 448 629 Cannas
467 594 705 640 Carthaginem
729 598 867 629 venerat
892 595 996 642 Mago
1014 596 1143 631 Hamil-

82 644 167 679 caris
185 645 282 688 filius,
300 658 370 680 non
393 658 434 680 ex
452 645 523 692 ipsa
546 646 615 680 acie
634 659 653 680 a
670 646 774 681 fratre
796 647 929 689 missus,
949 646 1008 682 sed
1031 650 1143 682 reten-

82 698 138 730 tus
164 696 290 743 aliquot
315 697 385 732 dies
417 697 453 732 in
481 697 680 741 recipiendis
708 697 901 733 civitatibus
926 698 1140 733 Bruttiorum

81 759 221 793 quaeque
244 748 455 784 deficiebant.
508 749 552 790 Is,
572 761 674 794 quum
701 749 731 784 ei
753 753 890 784 senatus
916 749 1015 784 datus
1039 753 1169 792 esset,7

81 810 133 833 res
150 802 264 845 gestas
281 799 316 834 in
337 800 442 835 Italia
464 812 483 835 a
499 800 604 835 fratre
629 801 787 846 exponit:
814 813 890 835 cum
915 813 973 836 sex
1000 801 1142 847 impera-

80 850 209 885 toribus
238 863 326 893 eum,
356 864 496 898 quorum
528 854 690 897 quattuor
718 852 872 887 consules
899 852 966 887 duo
993 852 1140 888 dictator

79 913 117 935 ac
150 902 310 945 magister
345 903 498 949 equitum
531 903 667 946 fuerint,
701 915 778 938 cum
811 916 871 938 sex
904 903 1137 939 consularibus

79 953 283 989 exercitibus
316 954 389 990 acie
421 954 622 997 conflixisse,
657 954 818 990 occidisse
852 968 954 1001 supra
991 955 1137 991 ducenta

80 1004 181 1039 millia
202 1005 363 1049 hostium,
381 1018 485 1051 supra
508 1006 752 1052 quinquaginta
774 1007 911 1052 cepisse.
962 1007 1016 1041 Ex
1040 1011 1167 1053 quat-8

79 1057 157 1090 tuor
189 1057 385 1093 consulibus
420 1056 504 1092 duos
537 1057 708 1100 occidisse,
745 1070 786 1092 ex
819 1058 951 1093 duobus
986 1059 1137 1093 saucium

77 1106 229 1150 alterum,
255 1108 401 1143 alterum
427 1111 501 1143 toto
528 1109 649 1143 amisso
678 1109 829 1144 exercitu
857 1109 913 1144 vix
938 1122 1015 1145 cum
1040 1110 1137 1155 quin-

77 1159 239 1204 quaginta
270 1159 464 1194 hominibus
497 1160 665 1206 effugisse.
731 1160 938 1206 Magistrum
971 1161 1165 1206 equitu1n‚9

76 1222 149 1255 quae
167 1211 353 1246 consularis
371 1213 522 1257 potestas
541 1211 596 1255 sit,
613 1213 727 1246 fusum
745 1212 912 1257 fugatum,
928 1212 1136 1256 dictatorem,

76 1261 154 1306 quia
175 1274 210 1297 se
233 1262 266 1297 in
291 1262 397 1297 aciem
420 1275 601 1309 numquam
625 1263 843 1305 commiserit,
862 1264 997 1298 unicum
1021 1264 1136 1299 haberi

74 1312 322 1358 imperatorem.
371 1314 529 1349 Bruttios
554 1315 754 1360 Apulosque
780 1315 902 1360 partim
935 1315 1134 1350 Samnitium
1150 1322 1186 1351 10

74 1375 112 1399 ae
145 1364 361 1400 Lucanorum
396 1365 559 1400 defecisse
592 1364 634 1400 ad
667 1365 813 1400 Poenos:
853 1365 1014 1410 Capuam,
1045 1366 1136 1412 quod

74 1418 176 1460 caput
208 1428 279 1451 non
307 1416 499 1462 Campaniae
531 1416 631 1451 modo
664 1416 723 1452 sed
756 1420 833 1462 post
863 1417 1031 1452 adfiictam
1064 1430 1134 1452 rem

73 1466 258 1502 Romanam
281 1467 450 1503 Cannensi
473 1480 587 1514 pugna
609 1468 717 1503 Italiae
739 1469 793 1510 sit,
814 1469 997 1504 Hannibali
1014 1481 1050 1504 se
1067 1472 1133 1504 tra-

73 1517 207 1553 didisse.
259 1518 326 1554 Pro
354 1519 406 1554 his
435 1520 540 1554 tantis
569 1523 689 1565 totque
718 1519 867 1555 victoriis
897 1533 1030 1566 aequum
1059 1526 1180 1556 essell

72 1572 185 1614 grates
218 1569 291 1605 deis
324 1570 568 1606 immortalibus
607 1571 661 1617 agi
694 1570 886 1617 haberique.
946 1571 999 1607 Ad
1032 1570 1221 1615 fidem(12)

72 1620 192 1656 deinde
218 1623 288 1655 tam
312 1621 465 1657 laetarum
490 1635 603 1657 rerum
627 1622 754 1657 effundi
778 1623 814 1657 in
836 1622 1004 1658 vestibulo
1029 1624 1131 1659 curiae

71 1671 171 1718 jussit
199 1672 339 1707 annulos
365 1685 494 1718 aureos,
520 1673 578 1719 qui
602 1675 719 1708 tantus
745 1686 883 1709 acervus
909 1674 975 1709 fuit
999 1677 1038 1709 ut
1064 1686 1132 1709 me-

72 1722 237 1758 tientibus
255 1723 428 1759 dimidium
446 1737 547 1770 super
563 1727 633 1759 tres
650 1724 779 1760 modios
805 1726 958 1771 explesse
976 1725 1043 1760 sint
1061 1726 1131 1771 qui-

73 1773 150 1809 dam
164 1777 329 1812 auctores.
370 1775 475 1811 Fama
491 1776 611 1819 tenuit,
627 1788 701 1822 quae
718 1776 856 1822 propior
869 1789 948 1812 vero
966 1779 1028 1821 est,
1041 1776 1131 1812 haud
1142 1778 1161 1808 2
