1298 1921
384 47 473 79 LIB.
497 47 633 79 XXIII.
659 48 711 84 24,
725 47 774 78 25.
1050 46 1109 78 167

149 91 164 107 ι,

57 91 353 161 ierii'esfflobsesso
367 125 445 158 ante
458 122 499 158 ab
513 122 667 158 hostibus
679 119 1003 167 ponte—interclusi
1016 122 1107 156 sunt.

55 175 109 211 Ibi
133 175 330 210 Postumius
355 174 445 209 omni
469 174 513 217 vi,
537 186 580 209 ne
609 176 795 219 caperetur,
821 171 983 207 dimicans
1008 183 1106 206 occu·
1121 177 1158 208 11

57 227 152 262 buit:
187 226 295 272 spolia
323 225 472 270 corporis
506 228 673 271 caputque
701 223 877 270 praecisum
907 222 1001 258 ducis
1031 222 1109 258 Boii

53 280 191 313 ovantes
208 277 343 323 templo,
363 276 453 322 quod
475 276 721 312 sanctissimum
748 277 800 310 est
818 273 908 320 apud
931 286 998 318 eos,
1015 274 1104 309 intu-

52 329 142 364 lere:
168 332 312 375 purgato
337 328 413 363 inde
437 328 558 374 eapite,
574 332 614 362 ut
636 339 708 362 mos
732 327 774 362 iis
797 330 859 369 est,
877 325 1004 361 calvam
1026 337 1108 360 auro

53 381 222 423 coelavere,
248 379 349 426 idque
374 392 506 415 sacrum
530 392 587 414 vas
612 379 653 414 iis
682 381 764 420 erat,
795 389 861 424 quo
891 376 1107 412 sollemnibus

52 432 196 468 libarent
224 431 449 478 poculumque
480 431 569 466 idem
598 430 764 466 sacerdoti
796 431 885 465 esset
918 441 956 464 ac
988 428 1106 474 templi

52 483 274 519 antistitibus.
324 483 443 518 Praeda
471 495 604 528 quoque
629 481 719 517 haud
743 481 852 516 minor
877 480 980 515 Gallis
1006 492 1106 525 quam
1120 487 1159 517 12

51 535 191 570 victoria
215 535 300 570 fuit:
334 547 412 570 nam
437 534 502 569 etsi
526 546 646 580 magna
671 545 748 579 pars
774 532 964 568 animalium
992 535 1106 577 strage

52 586 143 622 silvae
167 598 330 632 oppressa
349 589 431 630 erat,
453 589 568 620 tamen
589 587 719 620 caeterae
739 597 804 625 res,
828 583 908 630 quja
930 582 1014 618 nihil
1039 582 1107 617 dis-

52 639 199 684 sipatum
223 638 305 684 fuga
329 640 391 680 est,
413 640 530 672 stratae
554 649 614 683 per
639 648 771 672 omnem
790 635 935 682 jacentis
962 634 1104 681 agminis

51 689 200 724 ordinem
218 689 362 724 inventae
380 696 468 723 sunt.

98 741 174 776 Hac
195 740 352 775 nuntiata
375 739 468 775 clade
493 752 595 785 quum
620 751 682 784 pei·
706 738 776 773 dies
801 737 926 773 multos
949 737 985 772 in
1007 735 1198 779 tant0(25)

50 803 173 837 pavore
186 792 306 827 fuisset
323 792 451 833 civitas,
470 794 509 826 ut
525 790 674 826 tabernis
689 790 810 825 clausis
828 789 920 824 velut
938 791 1105 824 nocturna

51 843 232 878 solitudine
259 855 320 889 per
346 842 464 878 urbem
489 847 565 877 acta
589 845 726 877 senatus
753 840 904 876 aedilibus
931 840 1106 885 negotium

51 895 156 937 daret,
189 900 230 930 ut
261 894 380 930 urbem
412 893 628 930 circumirent
661 893 848 938 aperirique
881 891 1037 927 tabernas
1071 894 1105 927 et

50 947 217 982 maestitiae
233 946 376 992 publicae
394 946 541 991 speciem
557 945 634 980 urbi
651 944 739 980 demi
752 943 920 990 juberent,
940 946 1013 978 tum
1030 942 1104 978 Tib.

52 998 268 1043 Sempronius
294 1000 449 1033 senatum
473 997 601 1041 habuit,
626 996 887 1041 consolatusque
911 998 1026 1041 patres
1052 997 1105 1030 est

50 1053 84 1085 et
109 1049 317 1091 adhortatus,
343 1061 395 1093 ne,
420 1049 478 1095 qui
499 1048 668 1083 Cannensi
689 1048 794 1083 rujnae
818 1059 886 1082 non
906 1046 1103 1082 succubuis-

50 1104 135 1143 sent,
168 1100 210 1135 ad
243 1101 386 1136 minores
425 1101 633 1135 calamitates
672 1099 799 1134 animos
839 1098 1100 1134 submitterent:

50 1152 139 1198 quod
164 1152 206 1187 ad
231 1152 523 1198 Carthaginienses
552 1152 668 1186 hostes
693 1150 987 1196 Hannibalemque
1018 1148 1106 1184 adti-

49 1207 154 1246 neret,
188 1216 350 1250 prospera
381 1203 478 1239 modo
512 1206 635 1245 essent,
667 1203 754 1238 sieut
784 1205 946 1248 speraret,
975 1201 1102 1243 futura,

50 1255 213 1291 Gallicum
236 1255 361 1291 bellum
385 1258 420 1290 et
442 1255 553 1290 omitti
578 1257 655 1289 tuto
673 1258 707 1289 et
729 1254 855 1289 differri
880 1265 978 1299 posse
1003 1252 1105 1288 ultio-

47 1319 190 1352 nemque
213 1319 286 1342 eam
302 1306 430 1342 fraudis
455 1307 491 1341 in
513 1306 655 1341 deorum
677 1318 715 1341 ac
739 1305 857 1351 populi
880 1304 1026 1340 Romani
1045 1316 1105 1350 po-

47 1361 173 1393 testate
197 1358 291 1393 fore.
284 1374 291 1380 ·
318 1357 359 1393 de
381 1358 479 1393 hoste
503 1358 610 1393 Poeno
633 1357 916 1402 exercitibusque,
938 1368 997 1402 per
1020 1368 1102 1402 quos

47 1409 83 1445 id
107 1409 231 1445 bellum
257 1412 442 1454 gereretur,
467 1408 726 1445 consultandum
759 1412 861 1454 atque
894 1407 1102 1454 agitandum.

48 1461 127 1506 Ipse
153 1461 307 1519 primum,
332 1461 412 1519 quid
445 1461 595 1506 peditum
622 1462 842 1507 equitumque
875 1460 955 1506 quid
980 1459 1136 1494 civium2

48 1512 128 1558 quid
158 1513 323 1548 sociorum
351 1513 387 1548 in
413 1513 565 1548 exercitu
593 1515 683 1548 esset
708 1512 894 1554 dictatoris,
922 1511 1102 1546 disseruit.

47 1568 121 1598 tum
150 1564 332 1599 Marcellus
361 1577 498 1599 suarum
527 1564 699 1609 copiarum
728 1576 891 1599 summam
924 1563 1102 1609 exposuit:

47 1615 153 1662 quid
145 1629 180 1650 1n
196 1616 322 1660 Apulia
338 1628 413 1652 cum
431 1616 470 1651 C.
488 1617 647 1652 Terentio
671 1616 807 1651 consule
829 1618 930 1658 esset,
948 1627 967 1649 a
983 1614 1103 1660 peritis

47 1667 227 1713 quaesitum
252 1670 314 1703 est.
365 1668 448 1710 Nec,
474 1668 563 1703 unde
597 1668 788 1703 consulares
822 1667 989 1703 exercitus
1020 1665 1133 1701 satis3

48 1719 135 1754 firmi
162 1719 204 1754 ad
236 1722 369 1754 tantum
401 1719 526 1755 bellum
559 1720 783 1762 efficerentur,
813 1719 962 1754 inibatur
993 1718 1100 1752 ratio:

47 1770 162 1817 itaque
186 1771 337 1817 Galliam,
354 1783 556 1817 quamquam
578 1771 774 1807 stimulabat
791 1773 889 1816 justa
910 1770 970 1814 ira,
992 1768 1105 1804 omitti
