1298 1921
178 42 236 71 192
411 40 447 70 T.
472 39 591 70 L1V11
616 38 950 69 HISTORIARUM

161 126 265 148 annos
284 114 352 160 jam
376 114 465 149 inter
488 115 675 148 Romanum
698 113 933 158 Nolanumque
954 79 1208 158 populiiiiijaiilii-

161 166 275 201 citiam
301 178 383 208 esse⁷
408 168 506 209 cujus
531 168 668 199 neutros
693 164 734 199 ad
759 177 828 200 eam
856 164 940 198 diem
968 165 1147 209 poenitere:
1174 167 1208 199 et

162 217 235 258 sibi,
255 217 283 251 si
300 229 376 252 cum
393 217 528 251 fortuna
545 215 706 250 mutanda
722 215 803 250 fides
820 216 940 257 fuerat,
960 227 1033 250 sero
1045 218 1114 260 jam
1137 227 1209 250 esse

130 273 293 304 2mutare
325 281 408 303 eam.
474 267 647 302 Dedituris
681 279 716 301 se
748 267 933 301 Hannibali
966 266 1068 301 fuisse
1101 278 1210 301 accer-

163 320 303 355 sendum
328 320 558 354 Romanorum
583 317 799 363 praesidium?
826 330 901 352 cuin
926 318 966 352 iis
992 318 1048 363 qui
1073 317 1114 352 ad
1139 329 1211 352 sese

163 371 307 406 tuendos
332 371 513 412 venissent,
538 370 648 404 omnia
671 369 734 404 sibi
756 372 791 404 et
814 381 886 403 6556
908 369 1097 403 consociata
1119 372 1152 403 et
1170 368 1212 403 ad

163 422 319 457 ultimum
337 422 417 456 fore.

133 477 151 506 3
212 475 288 508 Hoc
309 473 510 517 colloquium
533 471 673 506 abstulit
697 483 789 516 spem
810 470 993 506 Hannibali
1017 483 1078 515 per
1101 471 1213 516 prodi-

164 525 289 560 tionem
315 523 511 569 recipiendae
535 523 651 557 Nolae:
685 523 799 568 itaque
824 534 946 557 corona
970 522 1127 567 oppidum
1151 522 1214 556 cir-

166 575 346 618 cumdedit,
363 578 402 610 ut
420 575 519 610 simul
537 574 576 609 ab
595 574 685 608 omni
705 577 799 620 parte
823 574 943 608 moenia
966 572 1213 619 adgrederetur.

133 628 278 665 4Quem
302 630 341 661 ut
368 626 566 661 successisse
592 625 694 660 muris
723 625 905 660 Marcellus
931 624 1023 666 vidit,
1050 625 1215 659 instructa

134 685 152 713 5
167 679 256 713 intra
271 681 401 723 portam
419 678 489 712 acie
507 689 582 712 cum
599 688 721 722 magno
738 675 889 711 tumultu
907 675 1028 720 erupit.
1077 675 1214 721 Aliquot

166 730 273 775 primo
296 730 424 774 impetu
448 728 594 773 perculsi
619 728 759 773 caesique
783 731 872 769 sunt,
891 727 967 761 dein
990 739 1154 761 concursu
1174 726 1216 760 ad

166 784 356 826 pugnantes
380 780 470 814 facto
499 779 704 824 aequatisque
729 778 856 813 viribus
885 782 982 812 atrox
1013 790 1086 812 esse
1115 777 1216 822 coepit

167 845 291 878 pugna,
316 831 604 876 memorabilisque
629 831 717 865 inter
741 842 863 875 paucas
892 830 1011 864 fuisset
1039 829 1074 863 ni
1102 829 1216 874 ingen-

136 889 154 918 6
168 884 259 919 tibus
276 883 430 928 procellis
448 883 572 917 effusus
590 881 694 916 imber
712 881 899 916 diremisset
917 884 1116 926 pugnantes.
1165 880 1216 914 Eo

169 936 223 970 die
240 936 416 971 commisso
434 934 563 969 modico
577 933 756 968 certamine
774 936 874 978 atque
892 933 1031 967 irritatis
1049 932 1165 966 animis
1183 932 1218 966 in

168 987 285 1022 urbem
308 988 465 1027 Romani,
485 986 579 1020 Poeni
596 985 631 1019 in
647 993 757 1020 castra
773 987 970 1029 receperunt
988 996 1079 1018 sese:
1105 986 1219 1018 tamen

169 1039 349 1074 Pcenorum
366 1039 473 1083 prima
486 1037 660 1082 eruptione
677 1036 819 1082 perculsi
833 1035 1023 1071 ceciderunt
1040 1034 1128 1069 haud
1142 1034 1217 1079 plus

139 1098 155 1129 7
172 1103 271 1136 quam
288 1090 437 1135 triginta,
453 1088 597 1123 Romani
614 1087 866 1133 qninquaginta.
917 1086 1029 1121 Imber
1046 1086 1218 1121 continens

173 1154 232 1186 per
256 1143 389 1175 noctem
414 1143 523 1174 totam
547 1151 654 1184 usque
679 1138 721 1173 ad
744 1138 860 1172 horam
885 1139 1018 1172 tertiam
1044 1137 1109 1171 dici
1133 1137 1220 1171 inse-

175 1193 308 1238 quentis
333 1192 463 1227 tenuit:
501 1191 614 1237 itaque
641 1202 840 1236 quamquam
865 1193 1007 1234 utraque
1031 1201 1107 1234 pars
1132 1188 1219 1223 avidi

174 1244 365 1279 certaminis
394 1246 499 1284 erant,
529 1255 567 1277 eo
597 1241 648 1276 die
674 1243 856 1276 tenuerunt
881 1253 953 1275 sesc
978 1243 1090 1274 tamen
1114 1239 1220 1274 muni-

141 1295 306 1333 8mentis.
355 1295 469 1329 Tertio
495 1293 548 1328 die
577 1292 748 1328 Hannibal
776 1294 904 1337 partem
937 1291 1106 1336 copiarum
1139 1303 1221 1336 prae-

141 1354 159 1383 9
174 1347 289 1381 datum
314 1347 349 1380 in
374 1358 490 1392 agrum
516 1344 687 1380 Nolanum
711 1344 812 1378 misit.
863 1342 963 1380 Quod
992 1342 1049 1376 ubi
1074 1341 1221 1375 animad-

174 1398 275 1433 vertit
308 1397 501 1438 Marcellus,
536 1395 704 1440 extemplo
735 1395 771 1429 in
803 1394 906 1429 aciem
939 1393 1052 1438 copias
1084 1392 1219 1427 eduxit:

124 1457 159 1487 10
174 1462 281 1495 neque
304 1448 476 1483 Hannibal
498 1447 709 1482 detractavit.
757 1445 853 1480 Mille
874 1445 942 1480 fere
959 1457 1117 1490 passuum
1134 1444 1222 1478 inter

174 1500 289 1535 urbem
305 1503 399 1534 erant¹
417 1502 612 1544 castraque:
636 1510 675 1532 eo
693 1498 883 1543 spatio—et
897 1499 975 1530 sunt
992 1496 1103 1530 omnia
1115 1494 1222 1539 campi

122 1560 157 1589 11
176 1553 262 1587 circa
284 1551 706 1586 Nolam—-concurrerunt.
757 1548 890 1583 Clamor
911 1560 951 1582 ex
968 1550 1062 1592 parte
1080 1550 1221 1590 utraque

176 1604 326 1639 sublatus
364 1604 534 1649 proximos
568 1615 611 1637 ex
644 1601 837 1636 cohortibus
870 1600 920 1643 iis,
954 1612 1026 1645 quae
1058 1599 1092 1633 in
1125 1611 1222 1644 agros

176 1655 361 1701 praedatum
385 1654 544 1696 exierant,
569 1653 610 1687 ad
631 1652 783 1698 proelium
805 1652 873 1697 jam
898 1652 1108 1686 commissum
1131 1662 1222 1685 revo-

176 1707 283 1742 cavit:
311 1712 344 1741 et
368 1706 491 1740 Nolani
515 1705 618 1740 aciem
642 1705 827 1738 Romanam
851 1705 1026 1743 auxerunt,
1052 1714 1134 1747 quos
1158 1701 1223 1736 col-

176 1758 328 1793 laudatos
362 1757 543 1792 Marcellus
575 1756 610 1790 in
643 1754 799 1790 subsidiis
832 1756 921 1788 stare
954 1756 987 1787 et
1021 1755 1150 1787 saucios
1183 1765 1223 1787 cx
