1298 1921
384 19 474 51 LIB.
490 22 608 54 XXII.
633 25 770 56 10—12.
1044 30 1084 61 79

29 54 190 88 A.c.217.]

27 88 224 134 magistrum
235 88 386 136 equitum
398 95 532 141 scriptis
544 97 648 133 Tibur
659 98 746 134 diem
758 100 800 135 ad
815 102 1079 140 conveniendum

26 138 151 174 edixit:
177 140 352 189 edictoque
374 147 547 191 proposito
568 151 617 191 ut,
637 150 758 195 quibus
785 153 912 198 oppida
928 155 1079 190 castella-

25 201 90 235 que
114 191 290 228 immum‘ta
317 198 438 240 essent,
464 199 515 234 uti
544 201 800 247 commigrarent}
826 204 861 238 in
885 204 958 240 loca
981 210 1079 242 tuta:

24 252 66 275 ex
89 242 177 286 agris
204 256 335 291 quoque
359 246 583 294 demigrarent
606 253 712 288 omnis
737 254 885 300 regionis
910 258 993 301 ejus,
1013 271 1079 304 qua

23 291 133 328 iturus
154 293 325 332 Hannibal
346 302 444 342 esset,
464 301 561 337 tectis
585 303 677 348 prius
702 304 849 341 incensis
867 319 905 342 ac
923 309 1076 354 frugibus

23 345 189 390 corruptis
211 359 254 382 ne
278 351 374 394 cujus
394 351 442 385 rei
467 353 562 398 copia
585 358 683 390 esset.
732 356 815 402 Ipse
837 358 892 393 via
914 359 1109 396 Flaminia4

21 394 194 439 profectus
211 397 344 434 obviam
367 403 494 438 consuli
511 406 726 455 exercituque
751 421 854 454 quum
872 409 913 444 ad
931 411 1076 448 Tiberim

21 444 110 480 circa
134 447 326 485 Ocriculum
350 454 576 499 prospexisset
593 469 714 503 agmen
741 460 978 507 consulemque
998 475 1076 498 cum

20 496 189 542 equitibus
206 499 248 535 ad
269 513 305 536 se
321 503 553 548 prodeuntem,
570 507 732 544 viatorem
757 511 849 546 misit
866 513 923 558 qui
945 515 1074 550 consuli

18 548 191 584 nuntiaret
208 554 247 586 ut
264 552 335 588 sine
350 553 524 592 lictoribus
541 558 583 593 ad
600 558 799 597 dictatorem
816 564 955 599 veniret.
1006 566 1073 608 Qui
1084 573 1103 603 5

19 609 123 643 quum
147 600 237 637 dicto
262 605 426 648 paruisset
458 619 725 657 congressusque
755 625 872 649 eorum
899 615 1072 662 ingentem

18 650 163 694 speciem
187 652 362 691 dictaturae
386 658 474 702 apud
499 660 587 695 cives
612 663 788 710 sociosque
810 668 980 702 vetustate
1002 668 1072 713 jam

16 711 123 746 prope
155 703 278 740 oblitos
311 707 383 752 ejus
411 709 541 754 imperii
578 712 726 756 fecisset,
760 715 882 752 litterae
916 717 956 753 ab
988 719 1072 755 urbe

16 750 134 788 adlatae
163 758 252 798 sunt,
278 769 379 793 naves
404 762 570 798 onerarias
600 768 823 801 commeatum
848 767 888 803 ab
914 769 1011 805 Ostia
1035 771 1071 806 in

27 1113 100 1167 rat:
122 1111 274 1169 ’libertini
296 1119 406 1176 et1am,
426 1120 546 1165 qmbus
571 1122 668 1159 liberi
685 1130 797 1162 essent
820 1130 854 1163 et
879 1132 960 1187 aetas
977 1131 1063 1189 mili:

42 1211 148 1249 'nores
175 1217 321 1263 quinque
345 1222 380 1255 et
404 1222 546 1268 triginta
574 1227 668 1262 anm's
694 1232 789 1264 erant
813 1230 849 1266 in
872 1243 974 1267 naves
999 1233 1060 1268 im-

30 1263 116 1306 ositi,
135 1265 191 1301 alii
207 1273 247 1303 ut
264 1269 340 1305 urbi
356 1273 574 1316 praesiderent
590 1277 709 1314 relicti.

49 1314 208 1352 Dictator
231 1321 382 1357 exercitu
406 1326 554 1361 consulis
579 1334 717 1375 accepto
742 1343 762 1366 a
784 1331 905 1368 Fulvio
936 1334 1056 1371 Flacco
1069 1335 1147 1379 (12)

33 1369 113 1412 gato
137 1380 199 1413 per
223 1382 339 1417 agrum
366 1374 523 1412 Sabinum
550 1379 664 1422 Tibur,
684 1394 750 1427 quo
767 1382 853 1419 diem
872 1385 914 1420 ad
936 1398 1055 1423 conve-

17 1416 160 1453 jendum
192 1421 344 1458 edixerat
371 1427 466 1462 novis
495 1429 669 1473 militibus,
698 1434 801 1469 venit.
850 1435 935 1471 Inde
963 1438 1085 1476 Prae-2

17 1471 96 1503 ⁴este
127 1482 166 1506 ac
198 1475 397 1511 transversis
428 1478 590 1516 limitibus
623 1482 659 1517 in
690 1484 779 1520 viam
810 1485 967 1523 Latinam
1000 1493 1052 1525 est
