1298 1921
0 0 1298 19 ffi-

396 55 487 86 LIB.
510 54 607 87 XXI.
631 55 766 86 33—35.
1055 54 1095 84 35

47 97 325 172 siafifliiiedere,
354 141 488 176 noxque
516 141 583 164 una
610 127 792 164 Hannibali
821 126 892 162 sine
924 126 1094 173 equitibus

47 187 148 229 atque
164 181 412 227 impedimentis
433 184 508 216 acta
529 184 591 215 est.
640 180 781 214 Postero
799 178 852 213 die
872 179 940 224 jam
958 179 1093 225 segnius
1107 176 1189 221 (35)

46 233 346 269 intercursantibus
368 232 517 268 barbaris
535 234 663 276 junctae
686 231 789 276 eopiae
811 230 983 277 saltusque
1006 230 1094 265 haud

47 285 117 320 sine
140 285 242 327 clade,
268 285 392 329 majore
416 287 529 319 tamen
547 285 777 328 jumentorum
804 294 902 328 quam
926 282 1095 317 hominum

46 335 203 381 pernicie,
232 339 422 381 superatus.
472 334 556 369 Inde
584 333 735 368 montani
767 334 940 379 pauciores
965 333 1034 379 jam
1062 336 1129 369 etz

45 386 210 422 latrocinii
228 387 334 432 magis
352 399 450 432 quam
471 385 548 421 belli
571 397 662 420 more
679 384 925 420 concursabant
947 384 1046 420 modo
1063 384 1097 420 in

45 438 190 483 primum
223 438 321 473 modo
350 438 384 472 in
413 437 630 472 novissimum
663 449 792 482 agmen,
821 441 1004 482 utcumque
1038 439 1098 471 aut

45 489 138 524 locus
155 489 445 535 opportunitatem
464 488 558 523 daret
582 491 640 523 aut
663 488 832 534 progressi
854 488 1016 523 morative
1040 487 1098 523 ali-

46 553 142 587 quam
162 541 368 576 occasionem
392 540 561 575 fecissent.
594 539 786 585 Elephanti,
805 539 893 574 sicut
910 551 970 585 per
987 544 1097 575 arctas
1113 548 1132 577 3

47 592 233 637 praecipites
266 592 336 627 vias
362 604 483 637 magna
507 603 599 626 mora
624 590 820 636 agebantur,
846 591 895 626 ita
918 594 1032 626 tutum
1057 591 1098 626 ab

45 643 199 678 hostibus
223 655 432 689 quacumque
461 642 664 684 incederent,
685 642 762 687 quia
786 642 929 677 insuetis
954 642 1098 678 adeundi

45 694 184 740 propius
201 698 312 729 metus
330 698 412 736 erat,
432 706 552 740 agmen
570 692 773 739 praebebant.

92 745 192 780 Nono
209 745 262 781 die
284 746 317 781 in
332 746 451 792 jugum
469 745 605 790 Alpium
629 747 829 789 perventum
852 747 904 780 est
927 757 988 790 per
1009 744 1094 780 invia
1110 752 1131 782 4

44 796 201 843 pleraque
218 800 252 832 et
275 809 414 838 errores,
433 809 517 843 quos
538 799 596 831 aut
619 795 814 830 ducentium
837 795 928 830 fraus
952 799 1021 838 aut,
1039 795 1098 831 ubi

46 847 126 883 fidos
143 848 183 883 iis
206 860 272 883 non
295 852 396 891 esset,
413 852 538 883 temere
556 847 647 882 initae
670 847 772 882 valles
789 859 809 881 a
831 847 1096 892 conjectantibus

43 899 109 935 iter
126 899 302 935 faciebant.
350 899 498 934 Biduum
516 899 550 934 in
562 901 648 944 jugo
665 898 789 933 stativa
805 898 922 934 habita
934 899 1097 945 fessisque
1110 911 1128 939 5

43 949 156 985 labore
180 963 218 986 ac
243 951 422 996 pugnando
448 950 541 997 quies
564 950 642 985 data
664 949 846 985 militibus:
878 950 1097 997 jumentaque

44 1002 181 1048 aliquot,
206 1014 279 1048 quae
302 1002 456 1048 prolapsa
477 1002 512 1036 in
536 1001 676 1047 rupibus
699 1005 804 1043 erant,
829 1001 998 1048 sequendo
1023 1014 1097 1037 ves-

45 1053 128 1099 tigia
156 1054 296 1099 agminis
325 1053 360 1088 in
389 1056 499 1088 castra
532 1064 722 1098 pervenere.
772 1053 883 1088 Fessis
911 1053 1011 1088 taedio
1043 1056 1127 1093 tot6

45 1104 204 1139 malorum
231 1104 317 1140 nivis
342 1105 443 1139 etiam
469 1116 566 1139 casus
593 1103 764 1139 occidente
783 1105 853 1150 jam
878 1104 985 1139 sidere
1010 1105 1096 1140 Ver-

44 1156 200 1201 giliarum
225 1156 397 1202 ingentem
422 1160 586 1190 terrorem
612 1155 744 1201 adjecit.
794 1156 861 1190 Per
885 1156 995 1191 omnia
1018 1156 1095 1191 nive
1115 1167 1133 1199 7

43 1208 178 1252 oppleta
195 1220 296 1253 quum
322 1207 426 1253 signis
450 1207 559 1252 prima
582 1206 656 1241 luce
678 1206 778 1241 motis
803 1207 952 1253 segniter
974 1220 1096 1254 agmen

42 1257 223 1302 incederet,
249 1259 451 1305 pigritiaque
479 1261 513 1293 et
543 1257 732 1302 desperatio
760 1258 796 1292 in
821 1259 969 1294 omnium
998 1259 1095 1294 vultu

42 1310 215 1351 emineret,
241 1322 448 1356 praegressus
478 1310 575 1355 signa
603 1309 776 1344 Hannibal
802 1309 838 1345 in
867 1311 1094 1356 promontorio

42 1360 195 1406 quodam,
212 1360 301 1396 unde
322 1361 422 1406 longe
445 1373 483 1396 ac
500 1361 566 1395 late
589 1364 786 1406 prospectus
810 1365 891 1404 erat,
911 1362 1093 1398 consistere

37 1412 141 1457 jussis
169 1412 330 1448 militibus
357 1412 491 1447 Italiam
520 1416 668 1447 ostentat
698 1412 934 1459 subjectosque
959 1414 1092 1459 Alpinis

41 1463 210 1498 montibus
240 1463 524 1508 Circumpadanos
553 1475 698 1508 camPOS‚
723 1464 908 1510 moeniaque
937 1477 994 1500 eos
1018 1470 1092 1500 tum

40 1514 275 1550 transcendere
288 1527 355 1550 non
372 1515 480 1549 Italiae
499 1514 595 1549 modo
609 1513 668 1549 sed
685 1515 785 1550 etiam
802 1516 895 1551 urbis
909 1516 1069 1552 Romanae
1083 1533 1090 1552 :

41 1571 162 1600 caetera
189 1565 288 1612 plana
314 1566 473 1612 proclivia
500 1565 582 1606 fore,
608 1578 676 1601 uno
706 1570 764 1601 aut
793 1579 961 1602 summum
986 1568 1092 1603 altero

40 1616 156 1661 proelio
184 1629 292 1652 arcem
322 1620 356 1652 et
385 1620 488 1662 caput
518 1616 627 1652 Italiae
655 1617 690 1652 in
721 1630 823 1652 manu
855 1631 892 1654 ac
921 1623 1091 1664 potestate

40 1667 224 1703 habituros.
272 1668 457 1703 Procedere
479 1667 556 1703 inde
581 1680 700 1714 agmen
722 1669 831 1715 coepit,
852 1670 921 1716 jam
946 1671 1028 1706 nihil
1050 1684 1091 1707 ne
1105 1683 1123 1712 8

41 1720 192 1755 hostibus
222 1720 354 1766 quidem
384 1724 505 1766 praeter
537 1733 639 1766 parva
670 1721 762 1756 furta
793 1735 852 1767 per
884 1725 1091 1759 occasionem

42 1772 295 1817 temptantibus.
345 1772 513 1808 Caeterum
537 1772 604 1807 iter
631 1772 738 1808 multo
765 1785 864 1820 quam
889 1774 924 1810 in
950 1787 1122 1816 ascensus)
