1298 1921
150 52 211 79 lSO
391 49 429 79 T.
454 48 577 79 LIVII
604 47 940 78 HISTORIARUM
1037 89 1074 118 [Α
1095 88 1114 111 c
1139 87 1186 112 2¹5

118 131 135 157 3
151 123 225 158 diis.
274 122 406 158 Deinde
426 124 464 157 ut
491 123 638 157 Punicus
664 122 774 157 cultus
799 122 1000 167 habitusque
1025 126 1200 164 suspectos

149 175 278 220 legatos
298 175 376 209 fecit
395 173 594 209 Hannibalis
611 174 902 219 interrogatosque
917 185 1024 207 sermo
1044 171 1199 216 prodidit,

148 230 221 260 tum
246 226 423 260 comitibus
447 238 562 259 eorum
583 224 730 260 seductis
756 237 793 259 ac
815 231 909 259 metu
928 224 1055 258 territis
1079 223 1199 257 litterae

151 289 283 323 quoque
310 277 350 312 ab
376 276 565 311 Hannibale
591 275 633 310 ad
660 276 850 321 Philippum
876 278 1021 309 iuventte
1045 278 1079 308 et
1104 280 1202 319 pacta

118 329 238 364 4intcr
263 341 375 373 regem
401 327 625 362 Macedonum
660 327 867 372 Poenumque
893 326 1020 360 ducem.
1073 325 1200 366 Quibus

151 380 232 414 satis
257 379 409 425 cognitis³
434 378 598 424 optimum
622 378 730 412 visum
755 381 806 412 est
830 378 979 422 captivos
997 377 1203 421 comitesque

151 443 266 466 eorum
296 432 437 466 Romam
469 429 510 464 ad
543 432 695 463 senatum
722 432 780 463 aut
813 429 976 467 consules,
1002 428 1203 472 ubicumque

119 486 275 524 5cssent,
310 494 411 527 quain
443 481 587 526 primum
620 480 807 524 deportare.
872 479 927 514 Ad
960 479 992 514 id
1025 479 1203 514 celerrimae

153 534 300 579 quinque
325 545 425 567 naves
444 532 580 566 delectae
604 543 641 566 ac
665 533 701 566 L.
721 531 876 566 Valerius
902 531 1022 565 Antias
1040 530 1097 576 qui
1122 542 1204 574 prze-

153 588 242 619 essct
261 585 392 625 missus,
408 583 504 628 eique
521 582 713 617 mandatum
728 583 815 617 utin
828 595 942 617 omnes
956 594 1058 616 naves
1075 581 1203 626 legatos

153 636 333 680 separatim
360 634 597 670 custodiendos
623 634 796 677 divideret,
819 634 979 679 daretque
1004 646 1137 678 operam
1164 644 1204 666 ne

154 687 243 732 quod
272 687 312 721 iis
339 686 541 732 colloquium
567 686 656 720 inter
681 698 716 720 se
742 698 825 720 neve
850 698 923 731 quae
949 684 1204 720 connuunicatio

155 738 285 774 consilii
303 741 402 772 esset.

123 794 142 825 6
202 790 268 824 Per
293 789 380 824 idem
406 791 539 833 tempus
564 788 681 823 Romae
707 801 808 834 quum
837 789 875 822 A.
897 787 1070 822 Cornelius
1095 787 1205 821 Mam-

156 841 245 875 mula
273 853 314 875 ex
342 840 494 874 Sardinia
526 839 695 884 provincia
727 839 889 874 decedens
921 839 1119 881 rettulisset,
1149 839 1205 884 qui

156 895 268 926 status
294 904 404 926 rerum
430 891 464 925 in
496 890 605 924 insula
630 891 889 926 essct—bellum
922 903 959 925 ac
985 890 1205 925 defectionem

156 955 270 977 omnes
294 946 454 988 spectare,
475 942 517 979 Q.
537 942 699 983 Mucium,
719 942 776 987 qui
800 942 1016 976 successisset
1041 942 1113 983 sibi,
1131 954 1206 986 gra-

156 996 261 1030 vitate
279 994 350 1029 coeli
369 1006 595 1039 aquarumque
614 994 844 1027 advenientem
862 997 1037 1038 exceptum
1054 1005 1120 1027 non
1137 997 1206 1027 tam

156 1046 192 1080 in
218 1045 439 1090 periculosum
463 1056 561 1090 quarn
586 1044 722 1090 longum
745 1044 894 1078 morbum
920 1044 1127 1088 implicitum,
1150 1043 1208 1078 diu

157 1097 198 1131 ad
226 1096 301 1131 belli
325 1096 391 1130 vim
418 1094 648 1129 sustinendam
673 1095 824 1130 inutilem
851 1096 932 1138 fore,
958 1096 1208 1140 exercitumque

157 1148 203 1183 ibi
221 1151 259 1182 ut
277 1147 360 1182 satis
378 1148 510 1181 firmum
529 1150 656 1191 pacatae
674 1147 852 1190 provinciae
870 1146 1043 1192 praesidem
1061 1159 1144 1190 esse,
1161 1146 1209 1181 ita

158 1212 277 1244 parum
295 1198 390 1239 bello,
416 1197 504 1243 quod
522 1200 649 1232 motum
672 1198 713 1232 iri
736 1197 963 1240 videretur—‚
989 1197 1208 1232 decreverunt

159 1254 271 1295 patres
300 1255 338 1283 ut
364 1249 407 1287 Q.
427 1249 565 1283 Fulvius
595 1249 735 1284 Flaccus
761 1248 908 1294 quinque
936 1249 1037 1283 millia
1060 1249 1209 1294 peditum

159 1301 420 1348 quadringentos
434 1300 563 1345 equites
582 1300 754 1342 scriberet,
770 1313 907 1346 eamque
924 1300 1087 1346 legionem
1102 1300 1210 1345 primo

160 1365 292 1398 quoque
309 1357 459 1396 tempore
477 1351 511 1385 in
530 1351 714 1385 Sardiniam
731 1351 960 1397 trajiciendum
976 1356 1118 1394 curaret,
1136 1352 1210 1386 mit-

160 1407 315 1449 teretque
329 1415 404 1438 cum
421 1403 559 1448 imperio
574 1415 671 1448 quem
689 1403 752 1448 ipsi
764 1403 942 1446 videretur,
957 1403 1013 1448 qui
1031 1415 1099 1437 rem
1117 1415 1211 1449 gere-

131 1463 147 1494 7
162 1458 212 1490 ret
237 1453 345 1500 quoad
372 1453 514 1488 Mucius
538 1453 770 1488 convaluisset.
820 1454 874 1488 Ad
900 1466 969 1488 cam
996 1466 1064 1488 rem
1089 1454 1211 1489 missus

162 1509 213 1542 est
242 1506 279 1540 Τ.
298 1505 448 1540 Manlius
482 1506 682 1550 Torquatus,
714 1505 771 1550 qni
798 1505 849 1539 bis
882 1505 997 1540 consul
1030 1517 1212 1551 censorque

130 1558 272 1596 8fucrat
302 1556 547 1601 subegeratque
576 1556 611 1590 in
638 1556 815 1590 consulatu
845 1556 976 1591 Sardos.
1027 1556 1095 1591 Sub
1124 1557 1213 1591 idem

162 1609 232 1643 sere
250 1611 383 1652 tempus
401 1610 435 1641 et
453 1619 472 1640 a
490 1607 694 1652 Carthagine
716 1608 750 1642 in
769 1607 953 1642 Sardiniam
975 1607 1089 1642 classis
1112 1609 1214 1642 missa

163 1659 246 1694 duce
270 1658 492 1699 Hasdrubale,
519 1659 573 1693 cui
598 1658 700 1692 Calvo
719 1671 902 1704 cognomen
920 1661 1001 1700 erat,
1022 1658 1108 1693 foeda
1129 1663 1213 1693 tem-

162 1713 295 1756 pestate
321 1712 441 1744 vexata
465 1709 505 1743 ad
531 1709 687 1744 Baleares
712 1709 838 1744 insulas
864 1709 1029 1754 dejicitur,
1055 1710 1214 1756 ibique——

161 1762 244 1798 adeo
276 1774 343 1796 non
376 1764 581 1796 armamenta
613 1760 711 1795 modo
744 1761 803 1796 sed
832 1761 933 1796 etiam
962 1761 1046 1796 alvei
1079 1761 1213 1797 navium
