1272 1921
422 27 510 57 Lm.
536 27 632 57 XXI.
655 30 748 58 5—8.
1089 31 1110 63 7

70 66 103 90 Α.
118 66 145 89 c.
160 64 224 96 219]

67 98 245 143 tliagiumn,
263 97 291 132 si
308 109 375 132 non
392 96 610 132 absisteretur
630 96 726 139 bello,
743 96 785 131 ad
807 96 924 132 ducem
947 97 1057 142 ipsum
1078 95 1115 131 in

65 161 195 195 poenam
213 150 346 185 foederis
363 149 455 195 rupti
471 149 727 195 deposcendum.

108 201 197 236 Dum
212 214 251 237 ea
263 201 406 236 Romani
424 204 542 246 parant
559 200 828 245 consultumque,
839 202 910 245 jam
924 200 1110 246 Saguntum
1123 202 1177 243 (7)

62 264 192 287 summa
219 253 252 288 vi
276 252 543 298 oppugnabatur.
593 252 717 286 Civitas
743 264 783 287 ea
806 251 904 297 longe
930 252 1142 297 opulentis-2

61 302 143 337 sima
160 304 249 338 ultra
265 303 430 338 Hiberum
447 303 522 347 fuit,
540 303 606 338 sita
623 315 740 349 passus
757 303 846 338 mille
863 304 966 338 ferme
984 316 1004 338 a
1019 304 1113 339 mari.

60 356 201 391 Oriundi
219 369 239 391 a
254 356 424 402 Zacyntho
446 356 556 391 insula
578 356 745 400 dicuntur,
762 357 926 401 mixtique
949 357 1048 391 etiam
1073 356 1115 393 ab

60 407 171 442 Ardea
194 407 401 443 Rutulorum
426 407 560 453 quidam
583 408 734 453 generis:
761 411 919 442 caeterum
944 408 979 442 in
1001 412 1114 443 tantas

61 457 152 493 brevi
185 461 359 494 creverant
392 470 471 504 opes
505 470 565 493 seu
597 459 772 494 maritimis
805 471 866 494 seu
897 459 1114 494 terrestribus

60 508 234 552 fructibus,
265 522 326 545 scu
353 509 581 544 multitudinis
608 510 815 545 incremento
844 522 903 545 seu
932 510 1114 556 disciplinae

58 561 247 603 sanctitate,
267 573 333 607 qua
348 561 447 595 fidem
464 561 618 596 socialem
635 573 742 606 usque
760 561 801 595 ad
818 561 997 607 perniciem
1019 574 1114 597 suam

57 611 244 647 coluerunt.
292 612 463 648 Haimibal
494 611 617 647 infesto
650 612 800 647 exercitu
827 613 999 658 ingressus
1031 613 1143 649 fines3

60 664 258 706 pervastatis
284 663 408 709 passim
437 663 526 709 agris
554 663 672 698 urbem
704 664 874 710 tripertito
907 663 1111 710 adgreditur.

58 714 212 759 Angulus
237 715 324 749 muri
346 717 419 749 erat
439 715 475 749 in
498 714 682 759 planiorem
702 716 992 761 patentioremque
1015 723 1144 761 quam4

56 770 178 800 coetera
215 766 303 801 eirca
334 766 454 801 vallem
491 778 654 811 vergens:
697 766 856 801 adversus
890 779 966 802 eum
999 767 1113 802 vineas

57 828 155 861 agere
172 816 330 859 instituit,
344 830 403 863 per
419 829 502 863 quas
520 817 604 852 aries
620 818 785 853 moenibus
803 818 970 853 admoveri
987 823 1111 864 posset.

58 867 124 902 Sed
148 876 187 902 ut
215 868 308 903 locus
334 869 449 914 procul
474 881 568 903 muro
595 869 677 904 satis
702 882 817 915 aequus
843 869 982 915 agendis
1007 870 1142 910 vineis5

57 918 131 961 fuit,
150 919 199 954 ita
222 919 481 966 haudquaquam
506 932 675 966 prospere,
691 924 870 967 postquam
889 920 930 955 ad
955 921 1113 956 effectum

56 970 166 1015 operis
182 974 320 1005 ventum
338 975 400 1012 est,
420 971 538 1017 coeptis
562 971 782 1006 succedebat:
810 975 844 1007 et
866 972 971 1007 turris
993 972 1112 1017 ingens

57 1020 259 1063 imminebat,
279 1026 314 1057 et
330 1035 457 1066 murus,
474 1026 514 1057 ut
530 1022 565 1057 in
582 1026 740 1068 suspecto
757 1023 840 1065 loco,
859 1036 963 1069 supra
984 1028 1113 1059 eaeterae

57 1071 190 1107 modum
213 1072 402 1108 altitudinis
427 1074 596 1108 emunitus
621 1077 705 1116 erat,
729 1077 763 1109 et
785 1077 947 1120 juventus
971 1075 1111 1117 delecta,

58 1122 113 1158 ubi
137 1123 317 1168 plurimum
341 1125 481 1170 periculi
506 1137 544 1160 ac
569 1125 699 1160 timoris
725 1125 977 1168 ostendebatur,
1005 1126 1052 1161 ibi
1079 1127 1113 1161 vi

55 1176 180 1219 majore
208 1175 426 1211 obsistebant.
477 1177 526 1211 Ac
559 1176 665 1222 primo
699 1176 880 1212 missilibus
914 1177 1141 1218 submoveree

57 1225 184 1261 hostem
210 1239 273 1262 nec
305 1228 482 1273 quicquam
515 1228 595 1262 satis
628 1230 742 1262 tutum
774 1228 1003 1264 munientibus
1031 1230 1112 1275 pati,

55 1275 172 1312 deinde
197 1277 266 1324 jam
293 1290 361 1313 non
386 1291 448 1324 pro
475 1278 639 1314 moenibus
668 1279 766 1314 modo
795 1284 896 1326 atque
928 1281 1015 1316 turri
1043 1281 1112 1316 tela

54 1328 185 1370 micare,
211 1329 271 1364 sed
296 1329 338 1364 ad
359 1330 601 1376 erumpendum
627 1331 726 1365 etiam
749 1330 784 1365 in
808 1331 970 1367 stationes
995 1344 1112 1378 opera-

53 1390 118 1424 que
137 1379 285 1415 hostium
306 1381 436 1416 animus
457 1385 541 1421 erat,
560 1381 680 1427 quibus
704 1383 935 1418 tumultuariis
958 1385 1111 1420 certami-

52 1430 150 1465 nibus
167 1431 257 1466 baud
270 1432 374 1466 ferme
390 1432 502 1478 plures
521 1433 701 1479 Saguntini
713 1433 876 1469 cadebant
890 1447 989 1480 quam
1004 1436 1108 1471 Poeni.

57 1481 103 1515 Ut
132 1494 211 1517 vero
235 1483 408 1518 Hannibal
431 1484 515 1529 ipse,
542 1483 622 1519 dum
650 1497 785 1520 murum
810 1486 980 1522 incautius
1006 1487 1138 1529 subit‚7

51 1532 228 1568 adversum
261 1534 371 1569 femur
394 1535 528 1580 tragula
556 1536 703 1581 graviter
734 1536 822 1572 ictus
852 1538 982 1579 cecidit,
1013 1542 1110 1574 tanta

51 1584 138 1619 circa
161 1584 245 1630 fuga
268 1597 306 1620 ac
330 1586 510 1631 trepidatio
538 1587 613 1631 fuit,
640 1591 680 1622 ut
707 1600 775 1623 non
802 1589 947 1624 multum
975 1589 1107 1625 abesset

51 1635 131 1680 quin
149 1648 250 1682 opera
266 1649 304 1672 ac
325 1637 430 1673 vineae
455 1637 698 1675 desererentur.
749 1640 889 1675 Obsidio
912 1641 1030 1677 deinde
1048 1655 1106 1688 per
1116 1641 1174 1684 (8)

50 1699 174 1732 pancos
199 1687 269 1723 dies
296 1689 402 1735 magis
428 1702 526 1735 quam
551 1692 758 1737 oppugnatio
779 1692 854 1734 fuit,
882 1692 960 1727 dum
984 1693 1106 1729 vuinus

50 1738 145 1773 ducis
170 1743 356 1776 curaretur.
404 1741 472 1776 Per
494 1742 584 1787 quod
608 1746 743 1789 tempus
768 1746 807 1778 ut
834 1744 931 1790 quies
955 1745 1138 1783 certam-2
