1298 1921
219 36 260 68 80
461 35 496 65 T.
523 35 641 66 LIVII
667 36 1001 68 HISTORIARUM
1107 80 1141 110 [A
1166 80 1185 104 c
1207 80 1254 105 217

219 121 283 154 que
316 109 487 154 pugnandi
522 109 665 145 faceret:
707 111 765 146 sed
797 111 855 146 ubi
891 112 1004 157 quieta
1035 112 1145 146 omnia
1177 112 1264 157 apud

217 159 332 194 hostes
357 173 417 195 uec
442 164 550 195 castra
575 161 642 196 ullo
669 162 817 197 tumultu
844 166 935 197 mota
961 163 1062 204 videt,
1090 163 1264 208 increpans

219 211 362 256 quidem,
394 211 498 246 victos
524 212 659 247 tandem
684 226 761 248 suos
788 214 930 248 Martios
956 215 1081 248 animos
1108 215 1264 249 Romanis

218 261 486 308 debellatumque
520 275 779 310 concessumque
808 265 975 310 propalam
1005 265 1045 300 de
1074 265 1199 300 virtute
1227 277 1265 300 ac

218 313 324 358 gloria
356 325 438 355 esse,
473 314 508 348 in
540 318 651 349 castra
683 314 802 349 rediit:
853 319 1010 350 caeterum
1051 316 1154 350 tacita
1187 328 1266 351 cura

218 364 364 398 animum
382 364 528 406 incessit,
548 365 636 410 quod
662 378 736 400 cum
760 365 843 400 duce
866 366 1119 412 haudquaquam
1144 367 1266 401 Flami-

217 416 272 450 nio
299 416 559 460 Sempronioque
585 417 684 451 simili
709 417 823 451 futura
845 417 907 452 sibi
932 430 984 452 res
1010 421 1107 459 esset,
1130 429 1167 452 ac
1191 421 1264 452 tum

218 466 350 501 demum
376 466 487 501 edocti
512 467 605 501 malis
631 468 775 502 Romani
799 481 911 513 parem
938 468 1119 503 Hannibali
1147 468 1264 503 ducem

186 524 205 554 3
219 518 425 563 quaesissent.
477 518 524 552 Et
542 517 752 563 prudentiam
771 519 902 565 quidem
920 531 986 553 non
1009 520 1075 554 vim
1092 519 1263 554 dictatoris

217 569 383 614 extemplo
408 569 541 603 timuit:
569 571 790 605 constantiam
816 570 984 605 hauddum
1013 574 1171 615 expertus
1196 571 1264 616 agi-

215 622 288 654 tare
315 632 352 654 ac
380 623 544 665 temptare
570 621 716 655 animuin
741 621 903 656 movendo
929 621 1045 656 crebro
1070 626 1180 656 castra
1207 634 1264 667 po-

215 671 425 717 pulandoque
457 672 492 706 iu
520 672 624 707 oculis
657 673 728 718 ejus
761 685 857 718 agros
887 674 1050 707 sociorum
1083 673 1202 718 coepit:
1229 678 1263 708 et

215 722 312 757 modo
331 723 433 757 citato
451 723 581 768 agmine
599 736 641 758 ex
659 728 841 769 conspectu
863 724 984 766 abibat,
1006 723 1102 758 modo
1126 727 1263 769 repente

214 773 249 808 in
274 773 383 819 aliquo
408 774 498 808 flexu
522 774 593 815 viae,
621 775 647 809 si
678 775 830 820 excipere
859 775 1043 820 digressum
1072 775 1107 809 in
1131 788 1262 820 aequum

183 830 203 859 4
215 828 338 870 posset,
353 824 506 860 occultus
524 825 718 860 obsistebat.
759 826 882 861 Fabius
901 839 960 870 per
976 826 1047 861 loca
1061 826 1127 860 alta
1144 838 1262 871 agmen

215 876 357 911 ducebat
378 876 507 911 modico
531 875 571 910 ab
593 877 689 911 hoste
710 877 884 912 intervallo
905 883 943 911 ut
963 890 1070 923 neque
1092 877 1262 912 omitteret
1297 880 1298 883 ’

214 939 291 961 eum
316 939 424 972 neque
449 927 728 972 congrederetur:
755 929 882 972 castris,
907 929 970 962 nisi
996 931 1156 974 quantum
1182 941 1262 962 usus

213 979 400 1013 necessario
423 983 569 1023 cogeret,
596 979 774 1014 tenebatur
796 979 911 1014 miles:
938 979 1095 1024 pabulum
1118 983 1151 1014 et
1174 979 1263 1025 ligna

213 1041 274 1064 nec
299 1030 397 1074 pauci
423 1029 581 1075 petebant
607 1042 668 1065 nec
697 1030 841 1076 passini:
868 1031 1016 1076 equitum
1041 1030 1187 1076 levisque
1213 1043 1262 1064 ar-

213 1084 353 1116 maturae
382 1081 495 1121 statio,
524 1081 709 1125 composita
737 1081 966 1127 instructaque
993 1082 1027 1116 in
1055 1081 1183 1116 subitos
1211 1086 1262 1115 tu-

212 1132 349 1174 multus,
384 1139 419 1167 et
451 1144 511 1166 suo
544 1132 642 1166 militi
673 1135 748 1166 tuta
780 1133 890 1167 omnia
921 1136 954 1167 et
991 1133 1115 1167 infesta
1150 1133 1262 1167 effusis

213 1183 360 1218 hostium
378 1183 632 1228 populatoribus
656 1183 846 1228 praebebat:
872 1196 980 1229 neque
1005 1185 1160 1218 universo
1180 1185 1262 1229 peri-

213 1235 288 1269 culo
317 1247 446 1269 summa
472 1247 584 1269 rerum
614 1234 893 1277 committebatur,
912 1239 945 1269 et
970 1247 1071 1280 parva
1096 1240 1263 1269 momenta

213 1285 335 1320 levium
361 1286 580 1320 certaminum
607 1297 647 1319 ex
673 1289 748 1320 tuto
773 1290 956 1331 coeptoruin
981 1286 1188 1331 finitimoque
1213 1298 1264 1320 re-

213 1343 315 1381 ceptu
333 1336 603 1371 adsuefaciebant
617 1337 773 1370 territum
792 1337 942 1382 pristinis
961 1337 1108 1371 cladibus
1126 1336 1261 1371 militem

213 1388 322 1422 minus
344 1390 415 1433 jam
441 1387 575 1422 tandem
605 1390 663 1422 aut
690 1388 825 1422 virtutis
853 1392 910 1422 aut
937 1388 1079 1422 fortunae
1104 1388 1262 1433 poenitere

181 1452 291 1481 5suae.
343 1439 408 1473 Sed
432 1452 499 1473 non
525 1439 750 1473 Hannibalem
774 1440 879 1485 magis
902 1440 1061 1473 infestum
1083 1442 1151 1474 tam
1175 1440 1262 1473 sanis

214 1489 359 1525 consiliis
389 1490 532 1525 habebat
562 1503 660 1536 quam
691 1490 887 1535 magistrum
917 1491 1076 1535 equitum,
1102 1490 1158 1536 qui
1182 1489 1263 1524 nihil
1290 1515 1295 1530 .,

216 1541 305 1575 aliud
337 1553 435 1586 quam
470 1541 558 1587 qnod
590 1541 696 1586 impar
728 1546 799 1575 erat
828 1541 964 1586 imperio
998 1553 1096 1576 morae
1125 1540 1166 1575 ad
1194 1553 1262 1575 rem

215 1592 381 1637 publicam
407 1592 680 1637 praeoipitandam
706 1591 859 1634 habebat,
887 1592 982 1627 ferox
1006 1592 1207 1637 rapidusque
1229 1592 1262 1626 in

181 1641 429 1682 6consiliis'ac
462 1643 576 1687 lingua
607 1643 812 1678 immodicus.
871 1644 983 1678 Primo
1016 1643 1102 1678 inter
1130 1655 1260 1688 paucos,

216 1694 293 1728 dein
320 1694 491 1739 propalam
516 1694 550 1728 in
579 1694 700 1739 vulgus
727 1706 786 1739 pro
812 1698 1006 1729 cunctatore
1032 1706 1178 1739 segnem,
1203 1706 1261 1740 pro

216 1748 314 1781 cauto
332 1745 705 1791 timidum—adfingens
722 1745 830 1780 vicina
846 1745 1027 1781 virtutibus
1051 1745 1260 1780 Vitia—com-
