1298 1921
0 0 822 27 ἡ

399 71 490 102 LIB.
515 70 610 102 XXI.
633 72 771 102 20—22.
1081 73 1116 102 21

73 115 107 138 A.
122 114 149 138 c.
165 114 237 145 218]

73 146 201 188 adsitis,
220 149 259 181 ut
285 145 347 181 diis
369 145 453 181 bene
471 145 670 191 juvantibus
693 145 817 181 bellum
840 144 987 191 ingentis
1007 144 1120 191 gloriae

72 196 256 243 praedaeque
274 197 425 232 futurum
443 197 674 243 incipiamus.'’
723 195 890 231 Omnibus
907 196 976 231 fere
993 196 1151 231 visendi4

72 247 187 282 domos
210 248 322 284 oblata
344 247 432 282 uitro
459 252 609 293 potestas
633 249 728 294 grata
752 250 833 290 erat,
852 250 886 282 et
903 249 974 292 jam
992 247 1120 283 deside-

71 299 223 334 rantibus
246 311 324 334 suos
348 301 382 334 et
405 299 538 345 longius
555 299 590 333 in
614 298 768 333 futurum
790 297 1043 343 providentibus
1065 298 1122 333 de-

72 349 251 385 siderium:
278 362 339 395 per
355 352 466 384 totum
484 353 618 395 tempus
635 349 753 384 hiemis
772 349 864 395 quies
887 349 975 385 inter
991 348 1121 384 labores

72 404 131 436 aut
161 401 231 447 jam
263 401 448 436 exhaustos
481 404 539 435 aut
572 413 649 435 mox
678 400 920 436 exhauriendos
948 401 1121 435 renovavit

72 464 213 497 corpora.
229 452 422 498 animosque
440 451 480 486 ad
498 451 609 486 omnia
625 451 666 487 de
688 451 821 497 integro
837 451 1016 497 patienda:
1042 463 1122 487 vere

71 503 179 548 primo
197 503 238 537 ad
255 503 403 538 edictum
421 515 613 538 convenere.

118 554 299 596 Hannibal,
316 567 420 600 quum
443 554 665 589 recensuisset
689 554 836 588 omnium
857 553 1009 600 gentium
1029 554 1150 588 auxi-5

71 604 125 646 lia,
144 605 252 640 Gades
276 605 446 650 profectus
471 605 613 640 Herculi
636 607 715 639 vota
737 604 889 646 exsolvit,
907 605 1068 651 novisque
1086 618 1122 640 se

71 655 198 702 obligat
216 656 302 691 votis
325 656 492 691 sicaetera
516 667 678 702 prospera
700 656 899 690 evenissent.
948 655 1032 691 Inde
1051 662 1151 702 par-6

72 707 159 741 tiens
177 719 274 742 curas
292 706 390 741 simul
407 707 441 742 in
454 706 663 742 inferendum
677 709 778 752 atque
796 706 974 742 arcendum
989 707 1122 752 bellum,

71 769 124 801 ne,
141 757 221 792 dum
237 757 309 803 ipse
326 758 480 793 terrestri
497 770 558 803 per
575 757 773 803 Hispaniam
792 757 983 804 Galliasque
1001 758 1122 793 itinere

73 808 205 843 Italiam
237 812 377 854 peteret,
411 808 502 844 nuda
534 811 715 854 apertaque
744 808 905 844 Romanis
935 809 1049 845 Africa
1081 809 1121 844 ab

74 859 185 894 Sicilia
201 863 300 901 esset,
320 859 427 894 valido
444 859 598 906 praesidio
618 860 750 894 firmare
776 872 848 894 eam
873 860 1004 895 statuit.
1054 860 1151 902 Pr07

72 922 112 945 eo
137 911 406 957 supplementum
429 911 500 956 ipse
523 923 564 946 ex
589 911 705 945 Africa
723 911 866 946 maxime
885 911 1123 956 jaculatorum,

72 961 195 997 levium
228 962 338 1004 armis,
368 963 477 1008 petiit,
506 965 545 997 ut
572 962 649 996 Afri
677 962 711 996 in
740 962 917 1007 Hispania,
945 962 981 997 in
1009 962 1122 998 Africa

74 1013 228 1058 Hispani,
247 1013 364 1048 melior
381 1013 498 1058 procul
515 1013 555 1048 ab
578 1013 676 1047 domo
699 1013 834 1047 futurus
858 1017 1001 1059 uterque
1018 1014 1121 1055 miles,

73 1063 166 1098 velut
198 1065 326 1099 mutuis
360 1064 554 1110 pignoribus
588 1064 730 1110 obligati
762 1063 930 1109 stipendia
963 1065 1122 1099 facerent.

74 1114 246 1150 Tredecim
275 1115 379 1149 millia
406 1116 618 1162 octingentos
648 1115 891 1161 quinquaginta
917 1115 1047 1161 pedites
1073 1125 1152 1154 cte-8

73 1169 181 1201 tratos
205 1166 298 1201 misit
322 1166 357 1201 in
381 1166 540 1208 Africam,
567 1169 600 1201 et
625 1166 814 1201 funditores
839 1166 995 1202 Baleares
1019 1167 1125 1201 octin-

74 1221 194 1263 gentos
211 1217 438 1263 septuaginta,
465 1218 595 1263 equites
618 1218 741 1252 mixtos
767 1230 810 1252 ex
835 1217 949 1252 multis
966 1218 1123 1264 gentibus

73 1269 162 1303 mille
179 1268 352 1303 ducentos.
395 1270 468 1303 Has
487 1269 599 1314 copias
613 1269 734 1314 partim
753 1269 950 1315 Carthagini
967 1269 1123 1315 praesidio
1134 1277 1153 1307 9

73 1332 147 1355 esse
163 1320 285 1366 partim
302 1319 458 1355 distribui
475 1333 534 1366 per
547 1320 695 1355 Africam
707 1320 817 1365 J'ubet.
868 1321 973 1356 Simul
991 1321 1124 1367 conqui-

75 1371 233 1406 sitoribus
261 1371 297 1406 in
325 1371 478 1406 civitates
503 1372 614 1406 missis
639 1375 784 1417 quatuor
808 1372 910 1406 millia
934 1372 1124 1418 conscripta

16 1430 19 1435 ⁴
74 1422 210 1458 delectae
227 1423 427 1467 juventutis.
454 1422 643 1468 praesidium
668 1422 802 1458 eosdem
824 1426 858 1458 et
882 1423 1025 1465 obsides,
1045 1423 1122 1459 duci

75 1474 316 1520 Carthaginem
343 1473 451 1519 jubet.
501 1474 622 1520 Neque
654 1474 854 1519 Hispaniam
887 1474 1215 1521 negligendam(22)

73 1529 316 1571 ratus—atque
347 1524 382 1559 id
406 1537 445 1559 eo
476 1525 566 1559 haud
594 1525 715 1567 minus,
744 1525 833 1571 quod
864 1526 954 1561 haud
985 1526 1121 1572 ignarus

73 1580 145 1610 erat
163 1576 370 1610 circumitam
388 1575 428 1610 ab
442 1576 603 1611 Romanis
617 1589 690 1611 eam
702 1576 824 1623 legatis
838 1576 880 1612 ad
897 1577 1123 1612 sollicitandos

73 1627 260 1672 principum
278 1626 659 1662 animos—Hasdrubali
675 1627 781 1671 fratri,
799 1628 869 1663 viro
887 1628 1041 1675 impigro,
1053 1641 1125 1663 eam

73 1678 277 1722 provinciam
316 1678 473 1720 destinat,
507 1679 685 1725 firmatque
718 1691 793 1714 eum
827 1679 950 1715 Africis
984 1680 1125 1715 maxime

73 1729 247 1773 praesidiis,
266 1729 416 1774 peditum
435 1730 594 1764 Afrorum
612 1729 766 1765 undecim
789 1731 934 1766 millibus
952 1731 1126 1777 octingen-

73 1781 119 1815 tis
137 1780 390 1827 quinquaginta,
409 1780 592 1827 Liguribus
614 1781 786 1825 trecentis,
809 1781 1006 1818 Balearibus
1032 1783 1128 1829 quin-
