1298 1921
416 47 506 79 LIB.
530 47 627 78 XXI.
652 48 787 78 22—24.
1096 48 1136 78 23

85 89 118 113 A.
132 88 161 113 e.
176 88 246 119 218.]

87 121 253 167 Pyrenaeis
290 120 459 156 montibus
495 125 557 165 est,
591 121 734 168 subegit,
769 134 902 168 oraeque
935 121 1013 157 huic
1046 122 1137 156 omni

83 172 230 217 praefecit
257 173 466 216 Hannonem,
491 176 531 208 ut
556 173 668 208 fauces
693 186 766 219 quoe
799 173 984 219 Hispanias
1020 172 1136 208 Galliis

76 225 228 269 jungunt
257 223 292 258 in
320 227 490 270 potestate
519 228 641 259 essent.
691 225 816 260 Decem
846 224 951 259 millia
982 223 1165 270 peditumss

81 274 242 310 Hannoni
259 274 300 310 ad
317 275 508 320 praesidium
525 276 714 312 obtinendae
730 276 877 322 regionis
894 275 973 311 data
993 280 1027 311 et
1045 275 1135 310 mille

82 326 222 371 equites.
264 326 448 372 Postquam
466 339 524 372 per
541 327 737 373 Pyrenaeum
752 328 873 362 saltum
891 327 1023 362 traduci
1040 339 1133 361 exer·
1147 332 1168 361 4

82 377 169 411 citus
187 380 237 411 est
255 382 384 423 coeptus
402 390 581 423 rumorque
599 391 659 424 per
670 378 829 414 barbaros
846 378 993 413 manavit
1011 377 1135 412 certior

82 427 123 462 de
140 427 225 463 bello
243 428 405 470 Romano,
424 429 490 463 tria
506 429 609 464 millia
630 429 706 465 inde
730 430 1022 476 Carpentanorum
1042 427 1131 473 pedi-

81 483 153 514 tum
177 480 242 515 iter
266 483 470 515 averterunt.
521 481 707 516 Constabat
729 493 797 516 non
820 484 889 516 tam
913 480 1001 515 bello
1026 484 1165 514 n10t0s5

82 543 181 576 quam
205 530 449 577 longinquitate
477 532 537 566 viae
561 532 843 578 insuperabilique
864 532 1000 578 Alpium
1026 534 1135 565 trans-

81 582 142 616 itu.
193 582 372 624 Hannibal,
400 583 477 628 quia
501 595 656 618 revocare
681 588 740 618 aut
765 583 798 618 vi
826 583 971 618 retinere
997 594 1053 617 eos
1080 587 1165 617 ari-6

82 644 160 678 ceps
186 637 268 677 erat,
284 646 326 668 ne
349 638 545 668 caeterorum
571 634 672 669 etiam
698 634 825 670 feroces
846 634 945 668 animi
968 633 1135 668 irritaren-

82 688 148 726 tur,
167 697 268 731 supra
284 693 413 730 septem
435 685 538 720 millia
559 685 729 721 hominum
754 686 869 721 domos
892 685 1031 726 remisit,
1051 696 1134 730 qnos

82 739 116 770 et
144 735 215 781 ipse
243 736 374 782 gravari
402 736 521 771 militia
548 739 710 778 senserat,
740 737 970 783 Carpentanos
1000 748 1131 782 quoque

82 787 123 821 ab
145 799 181 821 se
205 787 357 822 dimissos
380 787 550 823 simulans.
600 788 694 832 Inde,
717 801 758 824 ne
783 801 876 823 mora
900 792 1000 834 atque
1025 787 1128 822 otium
1143 786 1225 831 (24)

82 838 207 872 animos
225 838 428 883 sollicitaret,
442 851 517 874 cum
537 839 672 885 reliquis
690 840 792 886 copiis
810 840 1007 886 Pyrenaeum
1023 842 1132 874 trans-

82 889 235 935 greditur
266 893 301 925 et
330 890 371 925 ad
404 890 564 936 oppidum
596 891 729 926 Iliberri
757 895 868 926 castra
898 891 997 926 locat.
1048 889 1164 925 Galli2

83 953 283 986 quamquam
300 941 407 976 Italiae
428 941 549 977 bellum
567 942 684 977 inferri
708 942 898 986 audiebant,
915 945 1038 983 tamen,
1058 941 1134 987 quia

83 992 116 1026 vi
133 991 287 1027 subactos
305 997 398 1027 trans
416 993 614 1039 Pyrenaeum
636 994 807 1038 Hispanos
825 993 913 1028 fama
933 997 1004 1028 erat
1025 993 1136 1038 praesi-

83 1043 204 1089 diaque
230 1043 339 1078 valida
364 1045 532 1089 imposita,
557 1048 651 1080 metu
677 1045 849 1080 servitutis
876 1044 919 1079 ad
945 1056 1036 1079 arma
1061 1056 1137 1079 con-

84 1095 234 1137 sternati,
254 1095 481 1131 Ruscinonem
498 1096 624 1142 aliquot
642 1096 757 1142 populi
774 1096 986 1131 conveniunt.
1036 1094 1166 1132 Quod3

83 1145 141 1181 ubi
153 1146 336 1181 Hannibali
353 1148 545 1182 nuntiatum
562 1152 624 1190 est,
639 1161 764 1183 moram
778 1148 883 1194 magis
901 1159 1001 1193 quam
1014 1146 1138 1181 bellum

83 1200 236 1232 metuens
273 1202 422 1234 oratores
455 1198 497 1233 ad
533 1199 667 1245 regulos
706 1211 821 1234 eorum
858 1198 960 1241 misit,
994 1197 1139 1243 colloqui

84 1249 301 1294 semetipsum
324 1262 400 1284 cum
422 1250 463 1285 iis
488 1250 582 1293 velle,
606 1254 640 1285 et
662 1250 716 1286 vel
740 1250 787 1285 illi
809 1250 947 1295 propius
971 1249 1139 1284 Iliberrim

85 1299 291 1342 accederent,
324 1301 377 1336 vel
409 1313 445 1336 se
477 1302 706 1337 Ruscinonem
742 1313 989 1346 processurum,
1021 1302 1061 1335 ut
1097 1311 1140 1334 ex

84 1352 270 1398 propinquo
297 1364 497 1398 congressus
524 1353 654 1388 facilior
682 1356 793 1388 esset:
819 1365 893 1387 nam
923 1354 957 1387 et
984 1356 1140 1396 acceptu-

84 1416 159 1438 rum
187 1416 243 1438 eos
271 1404 306 1438 in
338 1407 448 1439 castra
476 1417 537 1439 sua
568 1417 604 1439 se
632 1404 756 1447 laetum,
786 1416 847 1439 nec
876 1406 1074 1438 cunctanter
1104 1415 1140 1437 se

85 1455 192 1500 ipsum
215 1454 257 1490 ad
281 1467 337 1490 eos
355 1460 556 1490 venturum:
583 1456 750 1501 hospitem
775 1455 862 1490 enim
881 1467 916 1489 se
940 1454 1054 1489 Galliae
1070 1467 1140 1488 non

84 1506 216 1541 hostem
237 1506 419 1549 advenisse,
437 1519 499 1542 nec
522 1507 720 1542 stricturum
746 1510 824 1542 aute
849 1505 1006 1553 gladmm,
1031 1505 1059 1541 si
1081 1518 1138 1551 per

87 1558 198 1593 Gallos
221 1558 328 1602 liceat,
354 1571 454 1604 quam
475 1559 511 1594 in
534 1559 667 1594 Italiam
692 1559 852 1594 venisset.
901 1559 948 1593 Et
970 1571 1031 1604 per
1054 1564 1168 1592 nun-4

85 1610 151 1644 tios
175 1609 308 1655 quidem
330 1611 411 1645 haec.
458 1611 509 1645 Ut
532 1623 610 1645 vero
630 1611 739 1657 reguli
764 1610 934 1645 Gallorum
956 1609 1074 1644 castris
1095 1609 1137 1643 ad

87 1661 253 1696 Iliberrim
277 1661 447 1707 extemplo
476 1662 576 1696 motis
603 1662 693 1697 haud
721 1666 900 1708 gravanter
926 1661 967 1695 ad
995 1661 1137 1696 Poenum

86 1716 260 1754 venerunt,
295 1715 385 1759 capti
413 1713 507 1748 donis
537 1726 612 1748 cum
641 1714 728 1749 bona
755 1726 836 1760 pace
865 1713 1049 1748 exercitum
1076 1725 1138 1757 per

87 1765 170 1799 fines
187 1776 266 1799 suos
283 1768 405 1810 praeter
421 1765 649 1800 Ruscinonem
667 1765 828 1811 oppidum
844 1764 1114 1800 transmiserunt.
