1298 1921
384 73 486 104 LIB.
498 73 626 103 XXIV.
653 74 787 104 19-21.
1046 73 1107 102 223

60 119 93 142 A.
108 118 136 141 c
151 116 221 149 214]

61 155 202 196 praetore
226 148 269 186 Q.
288 147 401 190 Fabio,
426 148 481 183 cui
509 147 597 182 circa
625 146 799 182 Luceriam
826 145 996 191 provincia
1023 151 1105 187 erat,

61 203 176 236 Acuca
194 199 356 245 oppidum
381 211 442 244 per
466 210 522 234 eos
545 199 617 234 dies
638 198 672 233 vi
694 201 830 244 captum
854 197 1044 243 stativaque
1066 197 1108 232 ad

60 252 233 288 Ardoneas
251 251 463 286 communita.

106 304 196 338 Dum
219 304 289 338 haec
312 301 384 337 aliis
406 302 488 337 locis
513 301 554 337 ab
576 301 740 337 Romanis
759 302 934 347 geruntur,
958 301 1025 345 jam
1047 299 1107 334 Ta·
1120 305 1137 337 7

61 357 195 390 rentum
211 356 410 400 pervenerat
424 353 597 388 Hannibal
613 365 688 388 cum
702 353 848 387 maxima
864 352 1011 387 omnium
1029 364 1109 397 qua-

60 418 202 452 cumque
219 406 303 441 ierat
320 405 422 441 clade.
464 405 507 440 In
520 404 700 439 Tarentino
713 404 846 439 demum
860 415 940 449 agro
954 408 1108 449 pacatum
1122 410 1141 439 8

60 457 213 493 incedere
242 469 362 502 agmen
390 457 512 501 coepit:
538 455 620 490 nilul
647 455 694 490 ibi
725 455 885 490 violatum
918 467 1026 500 neque
1054 466 1110 488 us-

61 521 160 555 quam
185 509 239 544 via
260 520 436 544 excessum
457 510 518 549 est,
541 506 790 553 apparebatque
810 518 878 541 non
897 505 932 541 id
947 505 1111 541 modestia

61 560 205 595 militum
230 563 288 595 aut
313 559 407 594 ducis
431 559 496 594 nisi
521 558 563 593 ad
587 558 810 594 conciliandos
835 558 963 593 animos
987 557 1111 592 'raren-

63 611 211 646 tinorum
244 611 324 646 fieri.
392 610 562 645 Caeterum
595 622 698 656 quum
738 621 843 655 prope
874 608 974 644 modo
1005 607 1142 645 muris9

64 663 291 706 successisset,
315 661 407 697 nullo
429 661 471 696 ad
493 666 711 706 conspectum
729 661 875 706 primum
898 660 1050 707 agminis,
1072 662 1111 694 ut

62 714 208 756 rebatur,
227 717 321 748 motu
343 713 442 754 facto,
461 716 572 748 castra
594 712 635 747 ab
657 712 741 747 urbe
763 712 868 747 ferme
885 724 1004 758 passus
1020 711 1111 746 mille

62 765 161 801 locat.
209 765 355 806 Tarenti,
375 764 488 799 triduo
509 770 597 807 ante,
623 776 722 810 quam
744 763 917 799 Hannibal
934 762 976 798 ad
992 762 1112 798 moenia
1126 769 1165 799 10

62 816 244 858 accederet,
263 828 283 851 a
298 816 349 851 M.
367 815 502 851 Valerio
515 818 731 860 propraetore,
751 815 808 860 qui
825 814 923 850 classi
939 814 982 849 ad
1000 815 1112 849 Brun-

62 867 185 902 disium
216 870 366 913 praeerat,
397 868 521 902 missus
554 866 604 901 M.
622 866 751 910 Livius,
781 866 892 911 priore
924 865 1114 911 conscripta

50 919 239 958 ‚iuventute
250 918 489 965 dispositisque
506 917 549 952 ad
561 930 676 953 omnes
689 921 804 964 portas
821 917 974 963 circaque
988 929 1113 961 muros,

63 982 130 1016 qua
151 983 204 1005 res
225 969 427 1015 postulabat,
448 969 661 1011 stationibus,
685 968 738 1004 die
763 981 802 1004 ac
823 972 922 1004 nocte
940 971 1045 1014 juxta
1063 969 1115 1004 in-

63 1024 178 1057 tentus
195 1034 302 1068 neque
319 1021 472 1056 hostibus
488 1033 597 1068 neque
610 1020 720 1056 dubiis
737 1020 838 1056 sociis
854 1020 918 1056 loci
935 1021 1114 1066 quicquam

63 1072 207 1117 praebuit
225 1072 266 1107 ad
284 1072 527 1118 temptandum.
569 1073 646 1110 Qua
662 1085 698 1108 re
712 1071 829 1108 diebus
844 1072 971 1118 aliquot
987 1071 1115 1107 frustra
1127 1079 1163 1110 11

63 1123 111 1159 ibi
142 1123 328 1169 absumptis
361 1123 542 1166 Hannibal,
577 1136 680 1169 quum
709 1135 825 1159 eorum
852 1135 961 1167 nemo,
988 1123 1046 1170 qui
1073 1123 1116 1158 ad

63 1174 172 1210 laeum
196 1175 322 1210 Averni
342 1174 500 1216 adissent,
525 1178 584 1210 aut
608 1175 676 1220 ipsi
700 1175 852 1210 venirent
875 1177 934 1210 aut
958 1175 1116 1210 nuntium

64 1225 238 1261 litterasve
254 1226 439 1270 mitterent,
455 1238 541 1261 vana
557 1227 722 1272 promissa
738 1239 773 1262 se
790 1229 917 1262 temere
934 1230 1116 1272 sequutum

65 1289 204 1312 cernens
221 1280 332 1313 castra
354 1277 432 1313 inde
455 1278 571 1313 movit.
620 1278 704 1312 Turn
732 1290 865 1324 quoque
889 1278 1018 1313 intacto
1035 1290 1115 1324 agro
1129 1286 1168 1316 12

65 1328 257 1371 Tarentino,
283 1341 485 1375 quamquam
509 1329 665 1364 simulata
697 1330 818 1365 lenitas
850 1329 1016 1365 nihildum
1040 1341 1118 1376 pro-

66 1379 188 1422 fuerat,
218 1384 331 1415 tamen
357 1393 416 1426 spe
441 1380 681 1416 labefactandae
709 1381 788 1416 fidei
815 1380 908 1416 haud
940 1380 1117 1424 absistens,

66 1431 231 1477 Salapiam
258 1434 299 1467 ut
326 1432 429 1473 venit,
457 1432 665 1467 frumentum
691 1445 733 1467 ex
761 1433 851 1479 agris
879 1432 1118 1479 Metapontino

65 1487 168 1529 atque
199 1483 533 1530 Heracleensi—jam
565 1483 653 1519 enim
694 1487 794 1520 aestas
827 1486 946 1519 exacta
977 1486 1050 1520 erat
1083 1486 1118 1518 et

64 1533 212 1569 hibernis
241 1533 390 1579 placebat
422 1534 764 1580 locus—comportat.
813 1535 1007 1571 Praedatum
1040 1534 1117 1570 inde
1132 1544 1170 1574 13

66 1585 224 1621 Numidae
241 1586 419 1632 Maun'que
437 1598 496 1632 per
514 1586 724 1622 Salentinum
743 1599 864 1634 agrum
881 1586 1118 1634 proximosque

65 1636 197 1682 Apuliae
222 1637 328 1672 saltus
353 1637 483 1672 dimissi
507 1642 597 1682 sunt,
614 1637 703 1673 unde
727 1641 857 1674 caeterae
881 1637 1004 1684 praedae
1028 1638 1119 1673 haud

66 1687 222 1731 multum,
245 1700 406 1734 equorum
430 1701 550 1735 greges
576 1689 719 1725 maxime
744 1689 863 1732 abacti,
885 1701 904 1725 e
929 1688 1052 1736 quibus
1077 1689 1118 1724 ad

66 1742 229 1785 quattuor
245 1740 348 1775 millia
364 1739 528 1775 domanda
544 1740 714 1787 equitibus
732 1741 848 1776 divisa.

114 1790 269 1834 Romani,
288 1804 394 1838 quum
410 1791 534 1828 bellum
555 1804 765 1839 nequaquam
785 1791 1067 1828 contemnendum
1084 1789 1210 1832 in(21)
