1298 1921
57 56 62 63 ·
368 41 457 73 LIB.
483 39 618 71 XXIII.
641 39 778 72 47—49.
1038 38 1097 70 197

54 85 87 111 Α.
101 84 129 109 c.
144 80 215 116 215]

53 116 208 164 praesides
225 113 468 162 provinciarum
485 115 653 151 exercitus
667 113 774 149 alere:
799 111 929 148 tributo
942 113 1097 157 sumptus

54 167 280 214 suppeditari:
317 179 394 202 eum
425 167 536 212 ipsum
567 165 732 201 tributum
765 163 1007 200 conferentium
1038 175 1098 197 nu-

0 240 1 243 =
53 231 182 254 merum
195 219 299 254 tantis
313 218 522 253 exercituum
539 217 708 262 stragibus
722 218 756 251 et
773 215 815 250 ad
831 215 1098 250 Trasumennum

53 269 161 306 lacum
177 273 212 305 et
230 269 271 304 ad
285 269 416 304 Cannas
432 269 642 304 imminutum
659 283 666 302 ι
693 267 751 313 qui
763 269 976 312 superessent
990 265 1096 311 pauci,

27 353 33 357 ,
54 321 83 356 si
98 321 273 367 multiplici
289 323 510 367 gravarentur
532 318 708 364 stipendio,
728 318 792 353 alia
806 317 973 363 perituros
990 319 1096 362 peste.

54 371 175 418 Itaque
203 372 267 407 m'si
291 371 355 407 fide
379 374 495 413 staret,
516 383 587 406 rem
612 369 776 416 publicam
801 369 919 415 opibus
942 380 1009 402 non
1033 370 1128 404 sta-7

54 426 183 458 turam:
209 422 438 468 prodeundum
456 423 491 457 in
513 421 705 457 concionem
722 420 840 455 Fulvio
862 419 997 465 praetori
1014 430 1098 460 esse,

54 473 245 509 indicandas
261 474 384 520 populo
400 473 549 520 publicas
565 472 782 507 necessitates
800 470 1098 514 cohortandosque,

56 525 113 571 qui
138 525 360 571 redempturis
385 525 556 560 auxissent
584 523 792 569 patrimonia,
814 526 853 557 ut
878 522 927 557 rei
950 521 1100 568 publicae,

56 589 100 612 ex
113 589 178 622 qua
190 577 382 618 crevissent,
395 579 529 621 tempus
542 574 800 615 commodarent,
812 573 1101 619 conducerentque

56 639 98 663 ex
114 627 187 674 lege
203 627 379 674 praebenda
396 639 469 673 quae
483 626 524 661 ad
541 627 727 661 exercitum
741 625 1001 670 Hispaniensem
1018 636 1101 670 opus

56 682 178 722 essent,
193 683 243 721 ut,
262 679 364 725 quum
380 678 523 724 pecunia
538 678 573 712 in
589 677 704 712 aerario
724 680 823 719 esset,
843 677 883 711 iis
901 676 1017 722 primis
1039 675 1102 710 sol-

56 733 201 766 veretur.
258 730 343 765 Haee
374 733 496 776 praetor
526 729 562 764 in
593 729 771 764 concione:
805 728 920 769 edixit,
953 739 1018 774 quo
1050 726 1102 762 die
1114 734 1132 763 8

56 781 256 816 vestimenta
276 781 481 816 frumentum
502 780 720 826 Hispaniensi
740 780 904 815 exercitui
926 777 1104 825 praebenda

57 844 195 878 quaeque
213 832 275 866 alia
290 844 374 878 opus
391 834 502 867 essent
513 831 686 866 navalibus
704 831 801 866 sociis
815 834 903 866 esset
920 830 1100 865 locaturus.

57 883 127 918 Ubi
158 895 196 918 ea
228 883 300 919 dies
331 884 433 926 venit,
467 883 508 918 ad
539 882 790 918 conducendum
822 885 891 917 tres
924 882 1100 917 societates
1112 878 1195 921 (49)

58 934 195 970 aderant
219 934 389 970 hominum
420 934 638 981 undeviginti,
670 946 810 979 quorum
836 933 902 968 duo
934 932 1104 979 postulata.

58 986 162 1027 fuere,
186 998 301 1027 unum,
326 989 365 1021 ut
398 986 516 1021 militia
546 991 703 1020 vacarent
735 985 815 1020 dum
839 985 874 1019 in
905 997 943 1019 eo
971 984 1104 1030 publico

60 1041 184 1078 essent,
203 1036 344 1072 alterum
363 1040 412 1081 ut,
430 1050 502 1083 quae
524 1037 558 1071 in
577 1049 678 1072 naves
698 1036 944 1082 imposuissent,
969 1036 1010 1071 ab
1029 1036 1107 1070 hos-

59 1087 144 1122 tium
168 1088 446 1134 tempestatisque
461 1088 496 1123 vi
512 1088 644 1134 publico
666 1087 813 1133 periculo
830 1092 952 1122 essent.
1002 1087 1136 1122 Utro-2

61 1151 125 1184 que
156 1138 335 1184 impetrato
373 1139 605 1174 conduxerunt
642 1139 838 1185 privataque
877 1139 1020 1184 pecunia
1052 1150 1106 1173 res

60 1189 193 1235 publica
214 1189 444 1225 administrata
467 1193 530 1225 est.
579 1191 627 1225 Hi
649 1202 758 1225 mores
781 1202 884 1236 eaque
907 1190 1027 1225 caritas
1049 1197 1136 1235 pez-3

60 1241 134 1276 triae
165 1253 224 1287 per
248 1253 362 1276 omnes
386 1241 518 1277 ordines
550 1242 642 1277 velut
667 1244 783 1276 tenore
815 1253 882 1276 uno
907 1241 1106 1287 pertinebat.

62 1292 352 1330 Quemadmodum
367 1293 532 1328 conducta
555 1294 668 1328 omnia
683 1305 804 1339 magno
827 1293 935 1327 animo
953 1295 1041 1334 sunt,
1061 1293 1138 1327 sic4

61 1355 191 1378 summa
207 1343 270 1378 fide
287 1344 434 1390 praebita,
453 1356 514 1379 nee
531 1345 708 1390 quicquam
729 1357 828 1390 quam
846 1344 875 1379 si
891 1356 933 1379 ex
949 1344 1109 1390 opulento

62 1394 177 1429 aerario
194 1398 233 1429 ut
251 1395 414 1440 quondam
433 1395 610 1431 alerentur.

110 1445 225 1483 Quum
246 1446 282 1481 hi
301 1451 505 1482 commeatus
530 1449 705 1488 venerunt,
724 1446 861 1492 Iliturgi
885 1447 1045 1492 oppidum
1068 1446 1139 1483 ab5

64 1496 279 1533 Hasdrubale
303 1510 342 1533 ae
368 1498 515 1544 Magone
547 1500 581 1533 et
607 1498 799 1533 Hamilcare
823 1498 1018 1533 Bomilcaris
1042 1498 1110 1533 filio

63 1547 106 1582 ob
123 1547 344 1584 defectionem
364 1549 406 1584 ad
427 1549 596 1584 Romanos
613 1550 879 1596 oppugnabatur.
928 1550 1024 1585 Inter
1039 1550 1110 1585 haee
1122 1559 1140 1587 6

64 1599 152 1634 trina
169 1603 280 1635 eastra
297 1600 440 1635 hostium
454 1601 625 1646 Scipiones
643 1613 745 1647 quum
762 1601 797 1636 in
812 1601 927 1636 urbem
946 1602 1112 1637 sociorum

65 1663 187 1695 magno
209 1653 389 1687 certamine
414 1664 451 1687 ac
475 1655 587 1699 strage
612 1652 845 1687 obsistentium
870 1653 1110 1698 pervenissent,

66 1701 281 1746 frumentum,
299 1706 396 1748 cujus
413 1703 524 1749 inopia
543 1707 624 1746 erat,
649 1703 864 1747 advexerunt,
881 1704 1112 1750 cohortatique

67 1753 248 1799 oppidanos
268 1759 307 1790 ut
329 1755 445 1790 eodem
467 1755 575 1790 animo
597 1755 718 1791 moem'a
739 1758 942 1798 tutarentur,
961 1768 1026 1802 quo
1050 1768 1112 1801 pro
