1298 1921
178 54 236 84 190
420 53 455 82 T.
482 52 600 82 LIVII
625 51 960 82 HISTORIARUM
1054 92 1090 126 [Α
1114 94 1134 118 c
1156 94 1202 119 21⁵

171 127 265 163 tibus
291 127 564 174 ingrediebantur
592 128 673 163 fines
702 131 844 170 nostros,
877 131 954 163 ante
983 127 1154 173 explorato
1182 131 1216 161 et

175 179 331 214 subsidiis
360 180 479 224 positis
509 183 542 214 et
569 179 631 214 sub
660 180 763 225 signis
792 180 833 214 ad
861 179 1088 225 populandum
1117 177 1217 212 duee-

174 230 275 266 bant:
309 243 398 266 nuuc
430 231 642 276 propraetoris
668 231 769 265 unius
798 235 832 266 et
861 231 956 276 parvi
987 230 1028 265 ad
1058 229 1215 264 tuendam

173 282 296 317 Nolam
329 282 474 328 praesidii
502 282 615 327 pracda
647 294 781 316 sumus:
811 284 881 327 jam
914 294 955 317 ne
987 280 1216 326 manipulatim

174 333 308 376 quidem
340 333 397 367 sed
430 333 594 367 latronum
628 333 724 367 modo
757 336 953 378 percursant
981 333 1062 367 totis
1095 331 1216 366 finibus

172 385 296 419 nostris
325 384 549 429 negligentius
579 396 680 429 quam
712 384 740 418 si
772 384 807 418 in
835 384 986 418 Romano
1014 388 1216 429 vagarentur

135 439 155 470 9
173 448 263 481 agro.
313 437 419 470 Causa
444 439 555 470 autem
580 435 650 469 haee
676 438 737 476 est,
763 434 851 480 quod
874 447 981 480 neque
1005 438 1045 469 tu
1066 434 1216 468 defendis

173 490 207 521 et
224 489 339 521 nostra
351 487 522 532 juventus,
542 499 616 530 quae
638 486 665 520 si
689 486 777 520 domi
801 489 889 520 esset
913 489 1090 527 tutaretur,
1110 485 1216 519 omnis

121 543 160 572 10
173 538 235 573 sub
261 538 365 583 signis
392 537 512 572 militat
537 537 616 572 tuis.
666 537 740 572 Nee
763 541 797 571 te
822 549 883 572 nec
908 537 1091 571 exereitum
1118 539 1217 570 tuum

172 589 288 630 norim,
308 589 381 631 nisi,
399 602 418 623 a
443 601 508 634 quo
533 591 585 623 ‘sot
608 588 694 623 acies
721 589 889 623 Romanus
912 588 1004 622 susas
1027 590 1216 632 stratasque

172 653 244 675 esse
262 640 372 683 seiam,
391 643 424 675 et
442 640 536 674 facile
561 652 634 675 esse
659 639 766 674 dicam
789 640 975 685 opprimere
1002 638 1216 685 populatores

172 695 304 726 nostros
328 703 430 737 vagos
456 691 526 725 sine
547 691 651 737 signis
676 691 814 736 palatos,
834 703 898 736 quo
926 702 1090 736 quemque
1112 689 1216 724 trahit

120 747 156 776 11
173 746 321 788 quamvis
339 755 424 776 vana
440 741 560 787 praedae
583 755 670 786 spes.
720 742 942 776 Numidarum
970 753 1151 787 paucorum
1168 740 1215 774 illi

172 794 305 839 quidem
323 793 433 839 praeda
450 796 558 835 erunt,
573 793 829 838 prfesidiumque
843 792 941 827 simul
958 792 1052 827 nobis
1068 795 1102 826 et
1121 791 1217 825 Nolae

171 845 344 886 ademeris,
364 845 392 879 si
410 844 517 885 modo,
537 856 619 889 quos
644 847 682 878 ut
701 844 807 879 socios
833 844 970 878 haberes
995 843 1112 888 dignos
1133 841 1215 876 dux-

172 895 241 936 isti,
258 895 348 930 haud
364 895 517 941 indignos
531 894 660 940 judicas
684 908 766 940 quos
789 895 823 929 111
845 895 941 929 fidem
966 897 1117 939 receptos
1142 897 1216 927 tue-

79 947 274 988 (43)aris.'’
322 946 377 981 Ad
398 959 437 981 ea
457 945 627 981 Hannibal
652 946 832 991 respondit,
850 946 960 980 omnia
984 944 1082 980 simul
1107 944 1215 978 faeere

173 999 335 1044 Hirpinos
354 998 595 1043 Samnitesque,
614 1000 648 1031 et
666 997 810 1032 indicare
828 997 937 1032 clades
955 1009 1031 1030 suas
1049 999 1083 1030 et
1101 998 1216 1040 petere

138 1056 156 1085 2
170 1049 362 1095 praesidium
387 1052 420 1084 et
444 1049 537 1094 queri
559 1048 748 1083 indefensos
772 1061 807 1083 se
829 1048 1074 1093 neglectosque.
1124 1046 1216 1080 Iudi-

168 1101 311 1137 candum
340 1104 451 1135 autem
481 1100 622 1146 primum
654 1100 767 1141 fuisse,
796 1099 872 1134 dein
896 1097 1216 1145 petendum-praesi-

168 1153 269 1195 dium,
289 1155 468 1198 postrenm,
487 1151 522 1186 ni
544 1151 792 1196 impetraretur,
817 1154 890 1185 tum
913 1150 1055 1195 denique
1079 1161 1216 1194 queren-

135 1209 154 1238 3
168 1204 246 1239 dum
264 1204 391 1238 frustra
407 1215 502 1248 opem
527 1202 747 1247 imploratam.
796 1201 991 1236 Exercitum
1010 1213 1082 1235 sese
1099 1212 1166 1234 non
1182 1200 1217 1234 in

167 1268 285 1301 agrum
312 1255 496 1300 Hirpinum
520 1254 754 1295 Samnitemve‚
779 1266 820 1288 ne
844 1256 878 1287 et
903 1252 974 1298 ipse
999 1251 1091 1286 oneri
1116 1257 1215 1293 esset,

166 1307 225 1342 sed
242 1307 276 1342 in
293 1306 445 1352 proxima
464 1305 537 1340 loca
557 1305 723 1340 sociorum
750 1304 864 1350 populi
886 1303 1030 1338 Romani
1053 1302 1215 1337 adductu-

166 1371 262 1393 rum:
297 1358 337 1392 iis
362 1356 560 1402 populandis
590 1359 624 1391 et
649 1355 789 1390 militem
818 1368 917 1390 suum
946 1354 1151 1400 repleturum
1181 1365 1215 1387 se

133 1413 200 1445 4et
223 1412 315 1444 metu
339 1408 456 1454 procu]
478 1408 518 1443 ab
541 1408 592 1442 his
616 1407 851 1442 submoturum
875 1407 1000 1441 hostes.
1050 1404 1150 1442 Quod
1174 1403 1215 1438 ad

166 1461 289 1496 bellum
314 1461 502 1494 Romanum
527 1459 703 1500 adtineret,
723 1458 751 1492 si
768 1457 989 1492 Trasumenni
1012 1468 1110 1502 quam
1135 1455 1215 1489 Tre-

164 1512 226 1547 biae
249 1511 277 1546 si
295 1513 483 1546 Cannarum
506 1522 605 1556 quam
622 1509 843 1544 Trasumenni
867 1520 981 1554 pugna
1004 1507 1145 1542 nobilior
1162 1518 1213 1539 es-

164 1566 226 1605 set,
247 1563 437 1598 Cannarum
460 1574 496 1596 se
518 1573 650 1607 quoque
673 1560 868 1595 memoriam
892 1560 1067 1595 obscuram
1089 1557 1213 1602 majore

163 1619 198 1651 et
216 1614 354 1649 clariore
371 1613 512 1648 victoria
529 1613 708 1647 facturum.

130 1675 150 1704 5
211 1665 296 1700 Cum
318 1665 381 1699 hoc
406 1676 567 1709 responso
590 1662 853 1708 muneribusque
876 1660 993 1706 amplis
1016 1659 1143 1705 legatos
1167 1657 1212 1691 di-

162 1716 264 1758 misit,
283 1717 355 1761 ipse
377 1715 530 1761 praesidio
553 1714 683 1749 modico
706 1714 824 1748 relicto
849 1713 883 1747 in
899 1712 1018 1747 Tifatis
1041 1710 1212 1755 profectus

130 1776 149 1808 6
163 1772 283 1805 caetero
308 1770 458 1803 exercitu
483 1767 531 1802 ire
553 1765 677 1801 Nolam
701 1764 824 1810 pergit.
873 1763 1000 1799 Eodem
1023 1762 1148 1797 Hainio
1171 1772 1212 1795 cx

93 513 107 532 5
