1298 1921
0 0 1298 31 —

392 57 482 88 LIB.
506 57 621 88 XXII.
647 57 785 90 35-37.
1061 56 1117 88 107

70 101 101 126 A.
114 100 141 124 c.
158 98 229 131 216]

65 132 167 168 millia
183 134 384 167 armatorum
403 136 437 168 et
455 132 618 167 ducentos
636 132 670 167 in
687 132 806 167 castris
824 131 996 173 Romanis,
1015 143 1119 176 quum

65 186 251 229 pugnatum
270 183 311 218 ad
329 184 457 218 Cannas
476 187 537 226 est,
557 183 689 229 quidam
709 187 862 218 auctores
888 187 978 217 sunt.
1028 182 1116 217 lllud
1132 186 1153 215 2

65 234 321 280 haudquaquam
350 234 527 280 discrepat,
555 235 678 280 majore
708 238 831 269 conatu
860 237 960 279 atque
990 233 1119 279 impetu

65 298 134 320 reni
152 289 259 320 actam
278 298 377 330 quam
395 286 562 331 prioribus
580 287 684 327 annis,
705 286 782 331 quia
804 298 896 331 spem
915 297 1013 330 posse
1032 286 1118 319 vinci

66 337 194 371 hostem
211 336 356 372 dictator
374 337 573 382 praebuerat.
624 338 792 373 Caeterum
810 337 1005 382 priusquam
1022 337 1118 381 signa
1133 341 1153 371 3

66 389 106 423 ab
122 388 204 423 urbe
222 400 314 423 novae
331 389 480 433 legiones
504 393 685 430 moverent,
705 388 884 424 decemviri
907 387 1008 423 libros
1027 388 1117 422 adire

66 445 166 485 atque
194 439 356 484 inspicere
381 440 467 486 jussi
496 444 634 486 propter
666 440 803 475 territos
832 439 934 485 vulgo
966 439 1117 474 homines

65 491 159 526 novis
182 490 362 536 prodigiis:
389 504 465 526 nam
490 495 524 526 et
548 492 664 526 Romae
688 492 723 526 in
745 491 913 525 Aventino
939 494 973 525 et
996 491 1117 526 Aricia:

65 542 256 577 nuntiatum
280 545 352 577 erat
375 542 437 578 sub
455 542 541 577 idem
559 547 692 587 tenipus
715 542 881 588 lapidibus
904 542 1062 587 pluvisse,
1082 546 1116 576 et

66 593 172 628 multo
201 605 318 628 cruore
351 594 447 639 sigua
477 594 512 628 in
542 593 682 636 Sabinis,
712 594 859 628 Caeretes
888 606 990 639 aquas
1024 594 1117 628 fonte

66 644 171 679 calido
189 644 314 690 gelidas
340 646 513 679 manasse:
540 645 574 680 id
596 645 730 690 quidem
753 645 864 688 etiam,
882 644 972 690 quod
994 645 1118 690 saepius

67 695 242 738 acciderat,
262 696 366 741 magis
390 696 558 731 terrebat:
587 701 621 731 et
641 697 675 731 in
698 696 753 731 via
773 696 959 740 Fornicata,
979 709 1052 742 quae
1077 696 1119 731 acl

68 748 231 792 Campum
253 753 334 789 erat,
358 747 483 793 aliquot
506 747 654 782 homines
675 747 716 782 de
739 748 821 782 coelo
844 748 927 782 tacti
952 748 1118 782 exanima-

66 799 159 843 tique
188 798 340 833 fuerant:
375 810 414 833 ea
442 798 593 844 prodigia
621 811 663 834 ex
695 798 787 833 libris
817 802 1005 844 procurata.
1057 799 1152 833 lie-4·

66 849 138 895 gati
165 861 185 884 a
212 849 324 884 Paesto
352 853 486 894 pateras
515 862 632 884 aureas
662 850 805 885 Romam
834 849 1051 885 adtulerunt:
1078 851 1118 885 iis

66 901 154 936 sicut
171 901 403 946 Neapolitanis
421 901 537 947 gratiae
554 904 648 943 actae,
668 914 785 936 aurum
803 913 870 936 non
887 906 1072 946 acceptum.

113 953 180 987 Per
196 953 330 987 eosdem
347 952 417 988 dies
442 953 483 988 ab
501 953 651 988 Hierone
676 953 792 988 classis
810 953 909 988 Ostia
930 966 1006 989 cum
1030 966 1118 999 mag·
1131 951 1212 996 (37)

67 1017 110 1040 no
137 1010 324 1040 commeatu
353 1006 503 1041 accessit.
553 1006 676 1052 Legati
699 1006 734 1040 in
756 1010 910 1041 senatum
934 1006 1118 1041 introducti
1133 1016 1152 1045 2

67 1057 276 1099 nuntiarunt,
303 1056 426 1092 caedem
456 1057 493 1092 C.
518 1057 672 1092 Flaminii
705 1057 850 1092 consulis
883 1059 1120 1103 exercitusque

68 1107 212 1143 adlatam
237 1108 318 1142 adeo
343 1120 431 1153 aegre
460 1108 578 1143 tulisse
604 1121 718 1154 regem
744 1109 940 1152 Hieronem,
966 1112 1004 1144 ut
1030 1109 1119 1144 nulla

68 1172 129 1194 sua
146 1160 280 1205 propria
301 1161 463 1205 regnique
489 1160 541 1194 sui
565 1160 657 1195 clade
680 1161 806 1195 moveri
828 1162 934 1206 magis
957 1162 1118 1206 potuerit.

68 1211 201 1256 Itaque,
231 1223 431 1256 quamquam
460 1210 563 1256 probe
597 1212 680 1246 sciat
708 1212 975 1258 magnitudinem
1004 1213 1152 1258 populi3

68 1262 214 1297 Romani
235 1262 513 1297 admirabiliorem
533 1275 637 1308 prope
660 1262 807 1298 adversis
830 1264 930 1299 rebus
955 1277 1052 1310 quam
1071 1277 1121 1299 se-

68 1313 186 1349 cundis
211 1326 293 1355 esse,
312 1316 426 1348 tamen
452 1326 488 1348 se
510 1314 630 1355 omnia,
651 1314 771 1360 quibus
795 1327 814 1349 a
836 1315 931 1350 bonis
954 1315 1122 1351 fidelibus-

69 1378 133 1411 que
151 1365 249 1400 sociis
266 1364 352 1400 bella
364 1365 477 1410 juvari
499 1365 638 1407 soleant,
657 1366 797 1408 misisse,
817 1379 890 1412 quae
906 1379 949 1401 ne
971 1367 1121 1413 accipere

69 1417 217 1452 abnuant
235 1429 355 1462 magno
373 1429 474 1462 opere
491 1429 526 1452 se
539 1421 651 1462 patres
669 1418 876 1463 conscriptos
893 1430 997 1454 orare.
1045 1419 1067 1453 J
1069 1431 1119 1453 am
1134 1425 1155 1454 4

69 1469 216 1503 omnium
233 1468 376 1514 primum
393 1468 512 1503 ominis
535 1481 635 1503 causa
651 1469 836 1504 Victoriam
858 1482 990 1505 auream
1011 1470 1121 1515 pondo

70 1520 251 1555 ducentum
269 1532 307 1554 ac
323 1519 444 1565 viginti
461 1519 590 1554 adferre
614 1533 706 1555 sese:
733 1521 922 1566 acciperent
939 1534 1010 1556 eam
1028 1526 1121 1557 tene-

68 1576 211 1617 rentque
236 1575 270 1606 et
295 1570 456 1606 haberent
481 1571 648 1617 propriam
674 1574 709 1606 et
733 1576 940 1618 perpetuam.
990 1573 1120 1608 Advex-
1135 1579 1154 1608 5

68 1622 134 1657 isse
157 1622 257 1657 etiam
280 1625 433 1657 trecenta
455 1622 557 1657 millia
581 1623 727 1658 modium
752 1624 856 1659 tritici
880 1624 1024 1660 ducenta
1046 1625 1122 1660 hor-

69 1674 132 1715 dei,
151 1686 193 1709 ne
210 1677 416 1709 commeatus
434 1674 598 1718 deessent,
613 1678 646 1709 et
664 1678 825 1720 quantum
844 1680 965 1721 praeter
982 1689 1020 1711 ea
1037 1689 1121 1722 opus

68 1731 167 1767 esset,
188 1737 253 1771 quo
274 1725 454 1771 jussissent
477 1725 707 1762 subvecturos.
757 1726 869 1761 Milite
892 1731 992 1773 atque
1010 1728 1121 1773 equite
1136 1731 1155 1760 6

71 1777 155 1812 scire
171 1777 238 1812 nisi
260 1777 413 1812 Romano
430 1776 611 1823 Latinique
633 1777 775 1813 nominis
798 1790 866 1813 non
890 1779 942 1813 uti
961 1779 1124 1825 populum
