1298 1921
179 33 240 62 238
427 32 464 63 T.
490 32 608 63 LIVII
635 32 969 64 HISTORIARUM

177 105 305 141 foribus
341 106 511 152 Hexapyli
543 107 668 151 apertis
707 108 806 154 coepti
845 111 941 144 erant
973 73 1223 155 recipiff’guiilii

178 159 337 202 praetores
370 157 641 193 intervenerunt:
683 165 718 193 et
750 162 856 205 primo
889 160 1028 205 imperio
1061 161 1225 206 minisque

179 207 298 243 deinde
336 209 538 244 auctoritate
578 209 787 252 deterrendo,
822 216 1000 256 postremo,
1037 215 1076 246 ut
1115 213 1226 246 onmia

178 271 264 293 vana
286 262 392 301 erant,
414 259 509 295 obliti
534 260 718 305 majestatis
741 261 895 307 precibus
915 262 1068 308 agebant,
1086 275 1127 297 ne
1151 275 1225 308 pro-

179 310 297 345 derent
324 311 466 356 patriam
494 311 628 357 tyranni
653 315 730 347 ante
764 313 964 348 satellitibus
990 316 1023 348 et
1052 317 1124 348 tum
1154 326 1225 349 cor-

148 362 372 407 7rupt0ribus
398 363 576 398 exercitus
627 362 692 398 Sed
721 364 829 399 surdae
858 365 899 399 ad
927 377 966 399 ea
989 366 1100 400 omnia
1128 377 1224 400 aures

178 413 354 448 concitatae
377 414 603 448 multitudinis
626 417 720 449 erant
737 428 798 450 nec
822 416 949 451 minore
968 416 1059 451 intus
1076 416 1109 451 vi
1126 429 1223 462 quam

178 464 259 498 foris
292 468 397 509 portae
426 465 700 511 effringebantur,
730 467 942 513 effractisque
970 467 1123 502 omnibus
1151 471 1225 502 toto

147 515 357 562 8Hexapylo
387 528 507 561 agmen
534 520 705 562 receptum
733 521 795 552 est.
845 518 1011 552 Praetores
1040 518 1075 553 in
1101 518 1225 553 Achra-

146 571 164 600 9
180 566 291 601 dinam
309 579 384 602 oum
397 569 579 612 juventute
603 568 811 614 popularium
835 569 1045 615 confugiunt.
1094 569 1226 604 Merce-

179 618 263 652 narii
280 618 401 653 milites
420 618 634 664 perfugaeque
653 622 686 654 et
710 619 871 666 quidquid
893 621 1060 666 regiorum
1082 621 1225 655 militum

180 669 353 714 Syracusis
378 672 450 704 erat
475 682 595 715 agmen
619 670 766 705 hostium
792 674 936 717 augent:
963 672 1011 706 ita
1036 671 1226 707 Achradina

179 733 310 767 quoque
339 722 448 767 primo
476 722 605 768 impetu
632 723 772 768 capitur,
800 726 1047 768 praetorumque
1076 724 1140 759 nisi
1168 725 1225 769 qui

127 779 165 808 10
179 772 266 807 inter
284 773 465 808 tumultum
485 773 685 819 effugerunt,
702 786 816 809 omnes
839 775 1096 810 interficiuntur.
1146 776 1225 810 Nox

128 823 323 860 llcaedibus
356 824 457 859 finem
497 825 586 859 fecit.
647 826 787 860 Postero
820 825 873 860 die
906 827 993 861 servi
1025 826 1068 861 ad
1100 826 1225 872 pileum

179 875 289 910 vocati
313 878 347 910 et
370 887 501 911 carcere
524 876 628 911 vincti
652 877 774 918 emissi,
799 877 1004 924 confusaque
1026 877 1097 913 haeo
1119 878 1226 913 omnis

178 926 360 961 multitudo
375 926 607 972 Hippocraten
625 930 725 973 atque
738 928 910 974 Epicyden
928 932 1041 964 creant
1055 933 1224 974 praetores,

180 978 428 1024 Syracusaeque,
453 991 554 1024 quum
577 978 677 1014 breve
701 982 835 1024 tempus
861 980 997 1015 libertas
1023 980 1225 1023 admisisset,

179 1029 212 1063 in
231 1029 401 1075 antiquam
419 1030 617 1064 servitutem
635 1029 832 1066 reciderant.

83 1082 168 1125 (33)
227 1081 311 1116 Haec
338 1082 495 1116 nuntiata
523 1094 626 1127 quum
651 1087 763 1116 essent
788 1082 959 1125 Romanis,
987 1095 1028 1118 ex
1051 1083 1226 1118 Leontinis

179 1137 270 1166 mota
287 1138 365 1167 sunt
383 1132 553 1178 extemplo
571 1135 681 1167 castra
698 1133 738 1168 ad
757 1134 947 1180 Syracusas.
996 1134 1042 1170 Et
1060 1134 1100 1170 ab
1117 1135 1227 1181 Appio

178 1183 283 1228 legati
310 1195 371 1229 per
396 1187 530 1229 portum
556 1184 649 1219 missi
679 1184 764 1220 forte
794 1185 827 1219 in
857 1186 1086 1232 quinqueremi
1111 1190 1227 1221 eraut:

178 1234 349 1280 praemissa
381 1235 599 1281 quadriremis
628 1248 731 1280 quum
764 1236 923 1272 intrasset
957 1237 1069 1272 fauces
1098 1240 1227 1283 portus,

145 1286 319 1332 2capitur‚
349 1286 452 1332 legati
480 1299 568 1333 aegre
602 1287 802 1333 effugerunt.
852 1288 897 1323 Et
926 1290 995 1333 jam
1030 1301 1097 1323 non
1129 1289 1228 1323 modo

178 1338 268 1382 pacis
301 1337 359 1372 sed
390 1350 432 1373 ne
465 1338 543 1373 belli
575 1338 708 1384 quidem
737 1339 815 1384 jura
846 1339 962 1374 relicta
990 1342 1097 1381 erant,
1126 1352 1226 1385 quum

178 1389 352 1424 Romanus
382 1390 549 1425 exercitus
579 1389 621 1425 ad
650 1390 983 1436 Olympium—Jovis
1008 1391 1042 1426 id
1067 1391 1227 1436 templum

178 1440 368 1476 est—mille
386 1444 420 1476 et
438 1442 640 1487 quingentos
658 1454 776 1487 passus
799 1442 840 1477 ab
863 1442 945 1477 urbe
970 1445 1081 1477 castra
1105 1443 1227 1488 posuit.

146 1500 164 1529 3
179 1490 264 1526 Inde
289 1504 421 1537 quoque
446 1493 576 1538 legatos
606 1493 765 1538 praemitti
795 1493 930 1537 placuit,
956 1493 1086 1539 quibus,
1114 1506 1155 1528 ne
1180 1494 1229 1528 in-

178 1545 307 1577 trarent
332 1543 458 1586 urbem,
489 1547 585 1578 extra.
617 1548 748 1590 portam
773 1545 1000 1590 Hippocrates
1025 1548 1126 1590 atque
1150 1545 1230 1590 Epi-

146 1604 166 1632 4
179 1593 278 1639 cydes
296 1593 426 1629 obviam
445 1607 519 1630 cum
539 1596 608 1630 suis
627 1600 871 1641 processerunt.
922 1596 1095 1631 Romanus
1117 1601 1230 1631 orator

178 1658 245 1681 non
268 1646 393 1682 bellum
417 1660 452 1682 se
479 1648 695 1693 Syracusanis
722 1648 779 1683 sed
802 1661 898 1694 opem
924 1649 1150 1694 auxiliumque
1173 1648 1230 1683 ad-

179 1697 265 1733 ferre
291 1698 347 1740 ait,
374 1701 408 1733 et
432 1699 483 1741 iis,
503 1699 559 1744 qui
584 1711 626 1734 ex
650 1699 759 1734 media
781 1700 869 1735 caede
894 1700 996 1745 elapsi
1022 1700 1230 1746 perfugerint

179 1748 220 1784 ad
244 1761 290 1791 se,
314 1754 348 1784 et
372 1749 423 1793 iis,
447 1751 503 1796 qui
528 1753 621 1785 metu
646 1751 797 1797 oppressi
823 1751 996 1786 foedi01em
1021 1764 1088 1787 non
1113 1751 1230 1786 exsilio
